2080 3314
943 327 997 371 47

246 457 380 517 plum,
437 468 539 501 mox
597 469 706 500 novo
751 456 975 513 splendore
1022 455 1279 509 restitutum,
1327 452 1549 511 significet.
1611 451 1654 496 N
1655 467 1702 497 ec

246 546 390 588 minus
434 545 562 587 huius
606 543 911 587 aedificationis
958 546 1214 599 spectatores
1245 541 1473 584 admonere
1502 540 1703 583 videntur

247 633 354 676 haec
381 631 570 675 Omanae
600 632 732 674 verba
752 629 805 685 ¹):
847 629 1111 688 „repubescit
1143 628 1411 671 Erechtheus
1428 632 1471 670 et
1488 627 1703 683 terrigena

251 720 423 775 „domus
469 734 555 763 non
604 719 786 776 amplius
831 718 877 760 in
908 717 1095 760 tenebris
1127 720 1321 759 versatur
1353 715 1427 758 sed
1459 715 1559 758 solis
1591 714 1702 758 faces

250 822 421 864 „rursus
465 807 699 851 intuetur-3³
761 807 863 849 Una
909 820 1005 848 cum
1046 804 1263 862 Euripidis
1295 803 1527 846 Erechthei
1558 803 1703 846 fabula

243 896 338 939 sine
381 896 510 938 dubio
556 895 692 937 multa
735 893 791 937 ad
837 892 1207 936 architectonicam
1253 895 1297 934 et
1327 890 1381 933 ad
1411 872 1701 933 Erechtheum

245 983 506 1041 pertinentia
536 983 767 1040 perierunt.

227 1061 231 1063 i
304 1069 732 1128 Peloponnesus
788 1082 874 1110 non
925 1071 1025 1109 ante
1072 1065 1399 1108 Heraclidarum
1446 1064 1629 1108 reditum
1676 1078 1702 1106 a

245 1157 452 1200 Dorica
486 1161 651 1213 gente
693 1155 929 1198 habitatam
970 1154 1100 1196 fuisse
1139 1156 1317 1207 constat,
1360 1167 1487 1209 quem
1517 1152 1701 1195 reditum

244 1249 407 1303 spectat
437 1242 664 1301 Sophocles
681 1243 728 1298 ²),
761 1242 879 1285 cuius
910 1240 1223 1284 anachronismi
1238 1240 1325 1282 iam
1353 1240 1407 1282 ab
1424 1239 1649 1282 Eustathio
1666 1239 1700 1294 3)

246 1336 465 1376 accusatus
511 1335 588 1374 est.
636 1330 749 1380 Quid
794 1330 908 1372 enim
922 1330 942 1371 ,9
988 1329 1152 1371 Teucer
1192 1342 1334 1370 coram
1374 1326 1701 1383 Agamemnone

246 1419 391 1463 Aiacis
427 1419 539 1462 facta
578 1431 833 1461 enumerans
874 1416 975 1459 dicit
1015 1430 1113 1459 eum
1154 1416 1289 1458 solum
1334 1429 1431 1458 cum
1472 1429 1557 1457 uno
1588 1414 1702 1457 Hec-

244 1511 336 1550 tore
391 1490 580 1564 pugnam
636 1505 909 1559 conseruisse,
962 1504 1171 1558 sortitum,
1214 1517 1301 1545 non
1352 1503 1498 1544 furtim
1545 1503 1702 1545 iniecta

244 1595 357 1637 inter
395 1594 502 1637 alias
540 1597 675 1636 sortes
715 1591 916 1634 humidae
952 1591 1116 1634 telluris
1147 1590 1286 1646 gleba,
1317 1590 1393 1633 sed
1423 1604 1532 1647 quae
1563 1590 1700 1647 prima

245 1694 270 1725 e
310 1681 471 1724 casside
511 1681 633 1723 facile
676 1680 846 1723 exitura
885 1683 989 1721 erat.
1035 1678 1082 1721 Si
1117 1677 1423 1735 Apollodorum
1440 1674 1474 1731 4)
1506 1678 1701 1720 audimus

243 1769 290 1811 in
330 1767 613 1825 Peloponnesi
643 1767 850 1809 divisione
878 1765 1164 1822 Cresphontes
1194 1768 1242 1806 ut
1271 1765 1431 1821 pingue
1462 1764 1700 1808 Messeniae

244 1856 381 1898 solum
420 1855 502 1897 sibi
544 1855 796 1910 obtingeret,
836 1853 1029 1895 fraudem
1059 1852 1349 1895 commiserat:
1383 1852 1553 1908 glebam
1586 1853 1700 1895 enim

244 1942 380 1999 lapilli
412 1942 516 1997 loco,
549 1942 595 1983 in
627 1942 798 1983 situlam
830 1954 941 1997 aqua
973 1940 1180 1996 repletam
1214 1939 1404 1994 coniecit,
1438 1953 1492 1981 ne
1519 1953 1596 1982 sua
1610 1954 1700 1982 sors

246 2029 384 2086 prima
415 2028 652 2072 secundave
683 2028 882 2085 prodiret.
921 2027 1039 2069 Talis
1069 2026 1201 2082 igitur
1231 2026 1392 2068 fraudis
1419 2027 1463 2068 in
1479 2027 1699 2070 sortitione

243 2117 332 2171 illa,
379 2116 434 2159 ab
481 2115 670 2159 Homero
687 2115 720 2170 ³³)
767 2115 888 2158 nobis
936 2118 1123 2168 narrata,
1174 2113 1544 2170 Agamemnonem
1591 2119 1699 2157 tecte

244 2203 408 2247 Teucer
437 2203 670 2246 insimulat.

303 2291 572 2348 Octogesimo
611 2291 783 2334 demum
822 2304 936 2333 anno
976 2293 1070 2347 post
1109 2289 1282 2332 Troiam
1320 2301 1513 2332 eversam
1544 2289 1700 2334 Dorica

197 2363 200 2366 .
243 2394 350 2438 gens
395 2379 441 2421 in
471 2378 812 2436 Peloponnesum
848 2378 1055 2434 migrarat
1077 2377 1134 2432 6);
1182 2378 1383 2434 temporis
1413 2382 1557 2438 tamen
1590 2379 1699 2421 ordi-

243 2481 346 2514 nem
385 2481 471 2513 non
512 2470 730 2510 servantes
773 2464 1000 2523 Sophocles
1041 2476 1267 2521 „magnam
1298 2464 1497 2508 Doricam
1527 2464 1699 2524 Pelopis

291 2581 322 2624 1)
351 2577 417 2615 Ion
442 2577 544 2615 1465.
569 2594 616 2603 —
640 2575 669 2623 2)
696 2575 754 2612 Αἰ.
782 2576 886 2619 1285.
907 2591 954 2603 —-
978 2574 1006 2618 3)
1032 2573 1202 2611 Eustath.
1227 2585 1311 2622 pag.
1337 2575 1418 2618 361,
1443 2576 1500 2612 26.

292 2639 320 2684 ⁴)
345 2633 515 2686 Apollod.
543 2635 590 2683 11,
614 2636 647 2673 8.
673 2637 705 2672 4.
732 2651 776 2662 ·——
801 2633 831 2683 ⁶)
860 2633 901 2671 11.
926 2633 988 2679 lx,
1015 2635 1081 2671 171
1106 2641 1186 2682 sqq.
1218 2654 1259 2661 -
1286 2634 1315 2682 ὓ)
1343 2633 1508 2682 Thucyd.
1539 2633 1566 2679 1,
1597 2635 1651 2672 12.
