2080 3314
955 362 1011 406 29

258 490 362 534 artis
377 489 608 548 specimina
622 489 794 546 dabant,
813 490 936 533 rudia
953 505 1055 534 sane
1072 505 1210 549 neque
1227 506 1336 549 quae
1353 506 1449 535 cum
1466 491 1709 550 posterioris

258 579 411 622 aetatis
450 582 541 621 arte
572 578 804 635 comparari
839 579 1013 635 possint.
1059 579 1283 636 Polyxena
1300 576 1330 634 l)
1372 594 1486 635 vero,
1530 580 1711 636 tragicos

258 666 295 708 si
331 665 540 720 audimus,
573 666 762 708 vestibus
794 666 932 708 scissis
962 671 1133 723 pectora
1163 682 1240 710 sua
1270 668 1389 710 velut
1420 671 1586 710 statuae
1617 668 1712 724 pul-

258 751 492 795 cherrimae
522 752 717 807 ostendit,
749 767 858 810 quae
888 753 1020 796 verba
1050 768 1136 797 non
1165 755 1226 797 ita
1257 755 1310 798 ad
1335 755 1516 811 virginis
1532 755 1712 798 formam

259 853 387 897 quam
437 839 491 882 ad
542 839 829 882 mamillarum
880 855 1166 884 marmoreum
1219 842 1443 885 candorem
1481 843 1710 900 pertinent,

259 930 303 970 et
346 925 664 970 Andromedam
712 929 881 985 scopulo
926 929 1146 985 alligatam
1177 930 1373 985 Perseus,
1416 945 1439 973 e
1481 931 1712 988 longinquo

260 1028 337 1071 per
378 1018 521 1057 aerem
567 1015 812 1070 adveniens,
860 1016 933 1058 ubi
980 1017 1183 1073 conspicit
1214 1017 1392 1074 virginis
1422 1017 1655 1074 imaginem
1688 1032 1712 1060 e

258 1116 362 1145 saxo
392 1102 600 1160 sculptam
630 1102 775 1146 videre
805 1117 850 1146 se
880 1108 1002 1160 putat
1017 1104 1064 1159 2).

317 1189 538 1247 Euripidei
578 1190 772 1234 homines
811 1191 983 1248 ingenio
1013 1196 1219 1248 carentes,
1252 1207 1400 1237 carnes
1431 1193 1522 1236 sine
1552 1198 1710 1249 mente,

258 1277 456 1320 dicuntur
501 1282 703 1321 statuae
744 1279 841 1322 fori
863 1271 920 1334 3);
962 1283 1005 1322 et
1035 1283 1143 1323 teste
1165 1280 1311 1324 eodem
1342 1281 1510 1338 saepius
1541 1282 1587 1324 in
1617 1281 1711 1324 ath-

260 1365 445 1408 letarum
475 1366 679 1410 honorem
711 1371 876 1410 statuae
906 1368 951 1409 in
982 1368 1083 1411 foris
1113 1373 1329 1425 ponuntur
1347 1361 1391 1423 4).

316 1451 481 1496 Alcesti
520 1453 799 1497 moribundae
839 1455 1017 1497 maritus
1047 1456 1255 1513 promittit
1286 1471 1330 1499 se
1361 1457 1585 1501 defunctae
1617 1472 1713 1500 con-

258 1540 370 1597 iugis
400 1516 673 1584 simulacrum
703 1542 750 1584 in
779 1541 968 1585 thalamo
998 1544 1299 1587 collocaturum
1316 1538 1361 1599 ⁵).

317 1628 371 1671 In
401 1629 546 1672 fabula
575 1629 816 1687 Aeschylea
846 1630 1133 1675 characterem
1164 1633 1330 1676 facilem
1362 1634 1512 1690 agnitu
1538 1634 1583 1676 in
1601 1634 1713 1692 typis

258 1715 510 1774 imprimunt
539 1717 770 1774 sculptores
790 1713 835 1772 6).

318 1804 540 1848 Mortifera
583 1806 715 1848 vestis
760 1806 961 1850 Herculis
1008 1807 1230 1865 Sophoclei
1276 1810 1478 1853 membris
1519 1810 1714 1854 inhaeret

259 1895 477 1950 tamquam
534 1907 561 1935 a
615 1893 735 1937 fabro
791 1895 1060 1951 agglutinata
1111 1896 1255 1939 tucina
1285 1896 1330 1952 7).
1379 1898 1546 1955 Nempe
1592 1898 1715 1954 signa

261 1979 450 2023 eburnea
488 1980 664 2023 deorum
704 1995 831 2038 saepe
862 1982 1002 2025 aureis
1033 1983 1297 2026 vestimentis
1329 1984 1479 2028 induta
1508 1985 1637 2027 fuisse
1668 1985 1714 2027 in

260 2067 414 2123 vulgus
443 2072 590 2110 notum
622 2072 697 2110 est.

319 2154 521 2199 Mulieres
562 2155 748 2200 Creusae
789 2156 1046 2215 Euripideae
1087 2158 1272 2213 comites,
1311 2158 1567 2216 Delphicum
1608 2164 1714 2203 tem-

261 2242 394 2299 plum,
444 2243 555 2300 quod
598 2248 724 2301 poeta
770 2244 860 2302 ipse
907 2249 950 2287 et
989 2246 1163 2303 plurimi
1194 2250 1477 2303 spectatorum
1509 2248 1711 2304 viserant,

261 2329 467 2372 adeuntes
493 2334 645 2387 ectypa
670 2331 716 2373 in
731 2332 950 2389 utriusque
967 2332 1127 2389 fastigii
1144 2337 1352 2390 tympano
1370 2334 1510 2377 efficta
1526 2339 1711 2392 stupent,

260 2417 437 2461 laudant
467 2421 510 2460 et
539 2419 726 2475 quinque
754 2419 975 2475 imagines,
1007 2420 1236 2477 diligenter
1269 2436 1295 2463 a
1324 2425 1449 2478 poeta
1465 2422 1710 2480 descriptas,

314 2562 338 2608 ¹)
361 2563 448 2600 Hec.
475 2565 555 2601 560.
578 2583 626 2590 —
648 2564 676 2611 2)
703 2563 792 2600 Eur.
817 2563 951 2612 fragm.
978 2566 1054 2601 124.
1082 2586 1125 2593 -
1150 2565 1179 2613 ³)
1205 2565 1293 2602 Eur.
1319 2565 1376 2602 El.
1402 2568 1481 2604 388.

310 2622 338 2668 ⁴)
363 2622 453 2660 Eur.
477 2622 609 2670 fragm.
635 2623 704 2659 284
728 2633 778 2660 vs.
807 2625 860 2661 10.
884 2643 930 2651 -
955 2622 984 2673 ⁸)
1010 2624 1091 2662 Alc.
1118 2626 1196 2662 348.

311 2681 341 2732 ⁸>
364 2681 494 2720 Aesch.
519 2681 647 2731 Suppl.
672 2683 752 2721 282.
775 2701 823 2711 -—
846 2681 874 2732 ⁷)
900 2682 1031 2720 Trach.
1058 2685 1136 2721 768.
