2080 3314
1055 364 1109 408 46

366 492 419 537 ab
456 492 558 537 Ione
589 491 809 547 aedificati,
842 492 976 536 forma
1007 498 1049 536 et
1078 509 1276 537 mensura
1294 494 1324 549 ¹)
1355 493 1501 539 eadem
1533 491 1612 537 fuit
1642 508 1690 537 ac
1719 491 1800 536 Mi-

367 596 523 624 nervae
553 581 700 637 templi
730 580 774 621 in
807 595 914 634 arce,
947 585 994 622 ut
1025 581 1320 636 Parthenonis,
1353 583 1466 624 illius
1497 582 1655 624 decoris
1689 582 1801 624 inter

367 667 695 709 Atheniensium
741 667 914 709 deorum
947 669 1077 722 aulas,
1110 668 1283 724 pulchre
1316 669 1520 711 columnis
1551 672 1720 711 ornatas
1752 666 1800 722 2),

368 754 670 810 spectatoribus
715 753 761 794 in
805 757 990 796 mentem
1032 754 1209 796 veniret.
1271 755 1500 798 Praeterea
1530 755 1717 798 Palladis
1747 755 1800 796 si-

367 842 554 882 mulacra
598 841 700 882 talia
744 840 1036 882 describuntur
1082 841 1223 897 qualia
1252 841 1447 895 Athenis,
1471 842 1542 884 -ab
1574 841 1802 884 artificibus

368 928 555 970 confecta
585 931 626 968 et
658 931 818 981 ornata,
851 927 1044 969 omnibus
1075 931 1175 969 nota
1205 931 1337 981 erant,
1357 928 1578 984 conspicua
1593 928 1734 970 hastili
1752 927 1799 982 3),

369 1019 411 1057 et
462 1018 576 1055 scuto
608 1014 640 1066 ¹¹)
688 1028 828 1068 aureo,
875 1013 1124 1056 draconibus
1141 1013 1173 1067 ”’)
1229 1018 1271 1056 et
1317 1028 1527 1070 gorgoneo
1578 1015 1714 1071 capite
1754 1013 1800 1068 6).

369 1100 497 1157 Apud
528 1100 761 1142 Homerum
794 1100 1002 1156 Gorgonis
1033 1100 1201 1156 quidem
1243 1105 1379 1157 caput,
1412 1105 1645 1143 monstrum
1674 1104 1804 1143 terro-

368 1203 457 1231 rem
487 1187 709 1241 incutiens,
756 1187 933 1229 occurrit
965 1187 1036 1229 sed
1066 1187 1250 1229 nondum
1281 1188 1446 1243 insigne
1478 1188 1696 1230 Minervae
1726 1191 1802 1230 est.

427 1274 782 1330 Antiquissimum
828 1274 944 1316 urbis
975 1275 1191 1330 templum,
1226 1275 1311 1316 iam
1345 1275 1397 1316 ab
1429 1275 1617 1317 Homero
1649 1289 1805 1317 memo-

371 1366 510 1404 ratum
527 1361 559 1414 ⁷)
607 1360 944 1402 Erechtheum
987 1361 1078 1414 fuit,
1128 1361 1238 1416 quod
1270 1376 1295 1403 a
1326 1361 1467 1403 Persis
1500 1375 1693 1404 eversum
1721 1376 1806 1405 non

371 1448 513 1490 statim
545 1447 617 1489 sed
646 1448 691 1488 in
722 1447 1076 1504 Peloponnesiaco
1107 1447 1275 1490 demum
1306 1448 1419 1490 bello
1450 1449 1690 1491 restitutum
1711 1448 1803 1489 fuit.

372 1535 424 1576 In
468 1535 545 1577 hoc
576 1535 731 1590 templo
761 1535 898 1590 prima
927 1535 1039 1576 oliva
1069 1534 1376 1589 ostendebatur,
1408 1549 1546 1590 quam,
1579 1535 1726 1577 ceteris
1742 1534 1806 1576 in-

372 1622 516 1664 cendio
530 1622 691 1675 deletis,
710 1619 814 1667 Ζεῦς
826 1618 973 1675 μόριος
989 1635 1176 1662 servasse
1193 1621 1439 1663 credebatur
1455 1621 1501 1675 8),
1515 1621 1568 1663 ad
1579 1634 1705 1676 quam
1715 1634 1806 1662 rem

374 1709 598 1765 Sophocles
615 1708 764 1750 alludit
779 1708 824 1748 in
840 1707 1077 1749 dulcissimo
1094 1707 1290 1760 carmine,
1309 1707 1354 1748 in
1371 1721 1451 1763 quo
1463 1706 1650 1749 Atticam
1661 1707 1806 1749 civita-

374 1801 460 1838 tem
477 1791 597 1838 olivis
613 1794 912 1847 abundantem,
930 1808 1077 1835 verum
1095 1794 1222 1835 etiam
1235 1792 1349 1835 adiis
1360 1794 1620 1848 custoditam,
1634 1793 1806 1835 summis

374 1883 568 1925 laudibus
597 1882 728 1924 effert.
762 1881 813 1922 In
835 1881 894 1923 iis
925 1894 1088 1936 quoque
1119 1880 1271 1922 fabulis
1302 1878 1553 1936 Euripideis,
1586 1894 1693 1936 quae
1714 1893 1807 1936 pro-

375 1970 572 2012 babiliter
616 1967 960 2024 Peloponnesiaci
992 1967 1093 2009 belli
1140 1971 1276 2008 aetate
1322 1966 1466 2009 doctae
1514 1970 1624 2021 sunt,
1665 1966 1808 2023 itaque

374 2056 564 2098 incidunt
608 2055 652 2096 in
698 2043 845 2110 templi
892 2054 1074 2096 restituti
1120 2058 1321 2110 tempora,
1371 2054 1505 2096 olivae
1543 2054 1588 2095 in
1622 2067 1716 2096 arce
1747 2053 1809 2095 vi-

375 2143 512 2184 rentia
541 2142 640 2184 folia
671 2155 901 2196 numquam
933 2140 1177 2194 amittentis,
1210 2154 1339 2195 quum
1370 2154 1426 2181 ex
1454 2139 1681 2182 immortali
1698 2139 1810 2182 oliva

375 2234 466 2272 orta
496 2228 561 2282 sit,
594 2227 759 2283 saepius
791 2227 889 2268 facit
919 2227 1176 2268 mentionem
1193 2226 1225 2279 Ο)
1257 2225 1493 2282 Euripides,
1528 2229 1576 2268 ut
1607 2226 1666 2268 sic
1704 2229 1810 2269 tem-

429 2421 452 2460 1)
472 2417 535 2451 lon
561 2418 659 2454 1128,
677 2414 722 2450 cf.
736 2413 857 2459 Etym.
872 2412 919 2448 M.
934 2419 970 2448 et
984 2413 1134 2458 Hesych.
1149 2414 1171 2449 i.
1187 2409 1216 2448 v.
1232 2413 1494 2462 ἕκατόμπεδος.
1521 2414 1553 2456 2)
1576 2413 1627 2450 id.
1651 2414 1718 2448 184
1730 2424 1809 2458 sqq.

423 2478 453 2519 3)
477 2475 526 2510 id.
552 2477 584 2509 9.
609 2492 655 2499 -—
678 2474 708 2517 4)
733 2473 865 2507 Phoen.
896 2473 995 2506 1372.
1025 2491 1063 2497 —-
1091 2473 1119 2516 5)
1149 2471 1234 2505 Eur.
1261 2471 1315 2505 El.
1336 2473 1434 2506 ’1254
1462 2482 1537 2516 sqq.

423 2535 453 2580 6)
478 2532 554 2568 Ion.
579 2534 646 2566 989
672 2542 747 2575 sqq.
773 2532 852 2574 996,
877 2530 957 2564 Hel.
986 2531 1084 2570 1316,
1114 2529 1244 2574 fragm.
1273 2531 1351 2564 353.
1377 2549 1421 2554 ——
1445 2528 1475 2573 7)
1501 2529 1567 2563 Od.
1594 2528 1675 2572 VII,
1699 2529 1754 2562 80.

423 2596 453 2635 8)
480 2591 520 2627 Ο.
545 2590 582 2626 C.
607 2591 673 2625 695
699 2588 746 2623 cf.
771 2586 1039 2630 Herodt.AVIIl‚
1065 2588 1125 2629 553
1150 2586 1255 2621 Paus.
1280 2586 1306 2627 I,
1332 2588 1386 2622 26.
1413 2588 1445 2627 6,
1469 2587 1524 2621 27.
1549 2587 1584 2620 2.

421 2650 452 2700 9)
479 2651 541 2686 lou
569 2650 656 2685 1433
681 2659 758 2695 sqq,
786 2647 872 2682 1479
898 2655 973 2692 sqq,
996 2644 1125 2691 fragm.
1152 2646 1218 2682 362
1244 2656 1293 2680 vs.
1319 2646 1374 2689 46,
1399 2643 1529 2680 Troad.
1554 2645 1619 2680 801
1646 2653 1728 2691 sqq.
