2080 3314
1056 375 1106 414 14

421 501 473 543 In
503 500 636 543 Iliade
666 500 875 542 exercitus
905 501 1070 557 saepius
1100 500 1295 543 convenit
1324 500 1397 543 sed
1426 500 1600 543 ducibus
1628 503 1794 543 tantum
1869 552 1871 554 V

363 581 525 629 dicendi
541 586 588 628 fit
602 589 804 642 potestas3
822 585 934 643 apud
950 585 1196 643 Euripidem
1211 590 1354 629 tamen
1380 590 1515 629 totus
1538 587 1748 630 exercitus
1761 586 1794 641 ¹)

364 672 559 715 Menelao
597 672 808 715 Helenam
848 671 920 714 dat
958 672 1301 715 interficiendam.
1344 672 1546 715 Hecubae
1576 673 1796 716 nuntiatur

365 759 620 802 Graecorum
651 758 898 801 exercitui
928 758 1089 800 visum
1130 773 1237 801 esse
1253 759 1287 813 ε)
1318 758 1581 816 Polyxenam
1611 763 1796 803 mactare

365 845 474 902 quod
503 845 721 887 consilium
767 844 918 886 Ulixes
962 842 1129 900 γνώμην
1169 849 1420 900 στρατοῦ
1459 845 1614 901 ψῆφόν
1643 859 1689 886 τε
1717 843 1795 902 τὴν

364 930 623 985 κρανθεΐσαν
642 928 674 983 3)
705 943 794 971 esse
824 928 1016 971 affirmat.

423 1074 628 1129 Pugnae
649 1074 856 1116 navales
882 1072 1110 1115 Homerica
1125 1076 1263 1115 aetate
1279 1087 1447 1129 prorsus
1463 1073 1632 1129 ignotae
1652 1078 1796 1130 erant3

366 1161 639 1203 nihilominus
685 1174 815 1202 naves
855 1159 996 1202 aeneis
1035 1159 1179 1201 rostris
1220 1163 1407 1202 armatae
1428 1159 1460 1213 4)
1497 1151 1667 1202 Troiam
1707 1174 1798 1202 cur-

367 1262 459 1289 sum
489 1247 689 1303 dirigunt.
719 1246 838 1288 Alibi
866 1244 1066 1292 ἐπωτίδες
1085 1245 1119 1299 ⁵)
1150 1249 1383 1300 occurrunt,
1407 1238 1532 1301 'ligna
1553 1260 1609 1288 ex
1625 1246 1798 1288 navium

368 1334 501 1391 proris
530 1334 741 1390 utrimque
770 1333 1065 1389 prominentia,
1100 1332 1250 1388 quibus
1281 1332 1486 1388 impetum
1503 1336 1576 1374 aut
1596 1332 1800 1375 inferrent

369 1426 441 1464 aut
480 1422 645 1463 illatum
685 1420 968 1463 defenderent.
1010 1419 1272 1461 Triremibus
1309 1418 1456 1461 heroes
1486 1433 1571 1461 non
1599 1422 1798 1474 utuntur3

368 1508 603 1565 Aeschylus
621 1508 653 1562 6)
683 1508 814 1563 igitur
827 1507 1037 1549 inferioris
1052 1506 1159 1548 remi
1175 1510 1218 1548 et
1237 1505 1460 1562 Euripides
1479 1504 1507 1559 ⁷)
1524 1506 1649 1562 primi
1664 1509 1799 1548 trans-

368 1597 423 1638 tri
461 1595 720 1638 mentionem
759 1594 918 1653 faciunt
957 1594 1022 1635 sui
1059 1593 1244 1649 ipsorum
1283 1592 1482 1648 temporis
1511 1592 1684 1634 navium
1713 1606 1800 1634 me-

370 1697 518 1725 mores.
549 1681 668 1723 Artis
698 1681 947 1724 vocabulum
978 1683 1040 1722 est
1069 1681 1220 1733 χωρεῖν
1250 1679 1464 1733 πρύμναν,
1496 1678 1547 1721 de
1573 1679 1672 1721 navi
1687 1682 1800 1721 retro

371 1769 546 1811 cedente
566 1784 568 1786 ’
586 1768 763 1810 adversa
801 1767 951 1820 fronte,
994 1765 1103 1822 quod
1138 1780 1193 1807 ex
1221 1779 1390 1821 pugnae
1420 1765 1581 1807 navalis
1612 1769 1701 1807 arte
1730 1764 1800 1808 de-

371 1861 610 1914 promptum
639 1869 730 1898 esse
759 1854 1020 1896 Scholiasten
1039 1851 1071 1906 8)
1101 1865 1186 1894 non
1201 1851 1362 1906 fefellit,
1380 1852 1451 1908 qui
1468 1865 1561 1893 eam
1577 1851 1800 1893 dictionem

371 1958 466 1986 cum
511 1942 783 1998 Thucydidea
825 1941 900 1982 illa
938 1938 1140 1995 πρύμναν
1179 1934 1408 1993 κρούεσθαι
1445 1937 1497 1980 de
1537 1938 1716 1979 navibus
1756 1951 1801 1980 se

370 2029 668 2085 recipientibus
697 2030 921 2083 comparat.
952 2025 1137 2067 Navium
1166 2021 1280 2080 ἄκρα
1296 2022 1490 2079 κόρυμβα
1506 2028 1580 2066 aut
1594 2020 1802 2077 ἄφλαστα

374 2116 541 2172 quidem
596 2115 710 2171 apud
765 2114 998 2156 Homerum
1053 2116 1352 2166 memorantur,
1409 2126 1615 2168 nusquam
1659 2115 1802 2154 tamen

375 2202 623 2258 aplustrium
653 2204 913 2253 ornamenta,
945 2212 1052 2255 quae
1083 2202 1130 2239 ut
1160 2198 1244 2240 iam
1273 2198 1346 2256 illo
1375 2202 1563 2254 tempore
1593 2198 1803 2240 adfuerint

374 2293 485 2331 certo
514 2302 600 2330 non
628 2288 688 2329 ita
717 2287 940 2329 artificiosa
968 2285 1138 2328 fuerunt
1167 2288 1214 2326 ut
1244 2288 1392 2327 aurata
1421 2285 1542 2340 signa
1556 2284 1800 2338 Nereidum,

374 2375 576 2429 dacroniS,
608 2378 682 2417 aut
710 2373 821 2416 tauri
851 2373 1007 2428 figuras
1036 2371 1241 2413 referrent
1261 2369 1307 2424 9).

428 2479 454 2526 ¹)
478 2477 606 2512 Troad.
632 2479 710 2521 780,
734 2478 812 2511 901.
838 2495 882 2500 —
908 2474 934 2517 ²)
959 2474 1045 2508 Hec.
1070 2474 1148 2508 220.
1175 2492 1216 2498 -—
1245 2472 1271 2518 ³)
1298 2473 1380 2507 Hec.
1405 2475 1541 2508 218.-
1561 2473 1589 2519 ⁴)
1602 2473 1628 2508 Ι.
1642 2474 1684 2509 A.
1701 2476 1804 2513 1319·

422 2539 448 2581 ⁵)
474 2538 501 2572 Ι.
525 2537 567 2571 T.
594 2538 692 2579 1350,
725 2534 771 2569 cf.
796 2533 914 2568 Schol.
939 2532 998 2567 ad.
1021 2531 1134 2566 Thuc.
1160 2531 1238 2574 VII,
1263 2533 1318 2566 34.
1344 2536 1517 2576 ἐπωτίδες
1534 2537 1602 2572 εἰσὶ
1613 2536 1660 2573 150?
1673 2537 1802 2588 ἑτέρω..

376 2619 448 2650 θεν
469 2611 532 2659 τῆς
553 2611 698 2660 πρῴρας
720 2609 895 2655 ἐξέχοντα
917 2605 1015 2646 ξύλα.
1041 2601 1159 2645 Etym·
1186 2600 1236 2634 M-
1261 2612 1344 2646 pag·
1370 2603 1447 2645 369,
1478 2603 1532 2643 23,
1559 2605 1802 2650 pag.811‚23‚

416 2680 443 2725 ⁸)
451 2681 517 2724 Ag.
532 2680 629 2712 1617.
643 2696 683 2701 ——
701 2676 816 2721 ⁷)10n.
833 2674 912 2708 595.
922 2671 1001 2717 --⁸)
1015 2671 1132 2706 Schol.
1143 2671 1189 2705 ad
1201 2672 1314 2706 Andr.
1329 2673 1426 2706 1120.
1442 2691 1482 2697 —
1494 2671 1522 2717 ⁹)
1535 2674 1565 2706 Ι.
1578 2672 1620 2706 A.
1634 2673 1711 2716 239,
1726 2683 1800 2718 sqq.
