2080 3314
1081 381 1107 422 4

435 505 590 549 Dedita
618 520 744 563 opera
772 510 962 562 tempora
991 506 1224 548 confudisse
1254 506 1449 548 existimo
1470 510 1614 563 poetas
1630 505 1810 563 quoties-

378 605 554 647 cumque
597 591 643 632 in
687 590 914 646 tragoediis
953 590 1193 633 invenimus
1234 605 1341 647 quae
1371 605 1395 633 e
1424 594 1643 648 poetarum
1671 591 1810 648 potius

378 691 504 733 quam
535 691 559 719 e
588 690 862 734 personarum
892 680 1034 719 mente
1063 676 1174 718 dicta
1203 680 1313 718 sunt.
1373 676 1601 719 Praeterea
1628 675 1809 733 philoso-

375 762 554 819 phorum
598 762 840 819 posterioris
886 762 980 804 aevi
1024 761 1222 818 dogmata
1261 765 1303 803 et
1331 765 1550 818 poetarum
1579 760 1809 804 sententias

376 851 620 905 celebratas,
638 865 745 906 quae
754 865 830 907 per
846 850 1032 893 omnium
1049 865 1122 893 ora
1137 829 1380 893 ferebantur
1397 854 1439 892 et
1449 850 1661 907 proverbii
1673 850 1810 893 locum

376 938 656 992 obtinuerant,
703 938 903 979 dramatis
947 951 1221 994 personarum
1252 936 1430 979 orationi
1468 950 1592 993 saepe
1621 936 1810 979 consulto

375 1024 608 1066 admiscent
651 1024 813 1080 tragici.
875 1024 1043 1066 Indoles
1087 1023 1392 1079 ingeniumque
1422 1037 1516 1065 cum
1547 1023 1808 1079 singulorum

375 1110 550 1153 heroum
597 1115 687 1152 tum
733 1111 951 1153 hominum
982 1110 1266 1166 antiquiorum
1300 1110 1467 1165 generis
1496 1109 1676 1165 tragicos
1704 1123 1808 1152 non-

374 1214 604 1256 numquam
649 1201 901 1254 fefellerunt,
949 1214 1093 1242 eorum
1141 1199 1423 1242 characterem
1454 1199 1603 1241 saltem
1632 1211 1717 1240 non
1745 1196 1807 1238 di-

374 1287 552 1343 ligenter
582 1287 735 1329 imitati
766 1290 863 1328 sunt
878 1290 1039 1343 poetae.
1061 1286 1149 1328 Ubi
1166 1300 1265 1328 vero
1280 1286 1469 1328 notiones
1486 1285 1647 1328 ethicae
1662 1285 1708 1326 in
1722 1287 1807 1326 tra-

372 1375 531 1431 goediis
560 1378 752 1431 pugnant
763 1388 858 1416 cum
875 1373 1042 1415 heroica
1058 1377 1208 1427 aetate,
1227 1372 1570 1428 distinguendum
1587 1375 1650 1414 est
1664 1375 1806 1413 utrum

371 1465 497 1518 poeta
527 1475 600 1503 suo
630 1460 809 1516 tempori
841 1460 1007 1516 suisque
1036 1459 1281 1515 aequalibus
1299 1459 1596 1501 convenienter
1611 1458 1805 1514 loquatur

373 1562 427 1590 an
458 1562 534 1590 sua
562 1547 693 1604 ipsius
723 1547 878 1603 placita
908 1546 1167 1588 auditoribus
1198 1546 1427 1601 explanare
1463 1548 1648 1587 conetur.
1697 1542 1808 1592 Quid

371 1635 519 1690 tragici
565 1634 617 1676 de
663 1634 761 1688 fato,
809 1634 860 1676 de
906 1633 994 1675 vita
1033 1637 1127 1689 post
1167 1636 1344 1674 mortem
1385 1635 1427 1674 et
1456 1631 1508 1673 de
1539 1630 1683 1672 multis
1713 1629 1807 1672 aliis

372 1721 461 1763 eius
491 1720 603 1762 modi
633 1720 799 1775 generis
816 1719 1075 1775 argumentis
1092 1718 1311 1776 senserint,
1330 1721 1441 1760 certe
1458 1731 1609 1773 operae
1624 1716 1806 1773 pretium

371 1816 434 1854 est
463 1816 510 1853 ut
539 1812 620 1853 viri
650 1812 758 1854 docti
788 1814 1100 1867 perscrutentur
1130 1809 1203 1852 sed
1233 1810 1330 1851 licet
1359 1809 1465 1851 tales
1495 1806 1806 1850 lucubrationes

372 1899 671 1941 accuratiorem
701 1898 887 1954 ipsorum
908 1900 1127 1953 poetarum
1145 1895 1264 1938 nobis
1281 1895 1459 1937 afferant
1475 1894 1680 1948 notitiam,
1699 1906 1805 1950 quae

370 1985 421 2027 de
461 1984 721 2040 gravissimis
760 1984 812 2025 iis
842 1984 967 2026 rebus
998 1983 1130 2025 maior
1160 1996 1255 2038 pars
1287 1981 1524 2037 aequalium
1555 1978 1802 2035 cogitaverit

370 2071 571 2114 eiusmodi
601 2070 749 2113 studiis
778 2069 1103 2125 haudquaquam
1134 2069 1428 2124 explanantur.

426 2158 558 2200 Porro
588 2157 793 2199 nonnulla
821 2156 1015 2198 instituta
1043 2155 1213 2211 politica
1242 2158 1315 2196 aut
1344 2154 1552 2209 religiosa,
1594 2165 1800 2196 nonnum-

369 2259 495 2301 quam
525 2245 652 2287 etiam
682 2243 840 2299 templa
866 2242 1002 2284 aliave
1022 2245 1295 2284 monumenta
1309 2243 1608 2294 memorantur,
1625 2252 1802 2296 quorum

370 2334 486 2388 origo
517 2346 612 2374 cum
642 2332 809 2374 fabulae
841 2333 1090 2386 argumento
1112 2329 1376 2385 aliquatenus
1393 2326 1673 2382 coniungitur,
1692 2323 1802 2382 quod

367 2420 614 2476 plerumque
642 2417 853 2471 vaticinio,
881 2417 926 2458 in
943 2416 1110 2458 fabulae
1128 2415 1246 2458 exitu
1263 2415 1385 2474 edito,
1404 2414 1496 2456 fieri
1512 2413 1628 2455 solet.
1659 2411 1807 2461 Etiam¹

369 2507 474 2549 haec
504 2506 615 2547 inter
645 2504 987 2546 anachronismos
1018 2506 1223 2558 computo,
1254 2515 1354 2543 nam
1380 2514 1504 2543 nemo
1533 2499 1703 2555 negabit
1731 2498 1802 2541 do-

371 2597 563 2638 mesticas
594 2596 841 2652 populorum
872 2594 1132 2635 narrationes
1150 2591 1354 2646 originem
1371 2602 1489 2630 suam
1505 2587 1654 2629 ducere
1670 2586 1802 2627 solere

372 2700 396 2726 a
428 2685 544 2737 lociS,
577 2682 862 2724 monumentis
894 2682 1071 2735 aliisque
1102 2679 1288 2735 reliquiis
1317 2678 1500 2718 incertae
1517 2674 1701 2730 originis.
1734 2671 1802 2714 Sic
