<?xml version="1.0" encoding="UTF-8"?>
<!DOCTYPE html PUBLIC "-//W3C//DTD XHTML 1.0 Transitional//EN"
    "http://www.w3.org/TR/xhtml1/DTD/xhtml1-transitional.dtd">
<html xmlns="http://www.w3.org/1999/xhtml" xml:lang="en" lang="en">
 <head>
  <title>
</title>
<meta http-equiv="Content-Type" content="text/html;charset=utf-8" />
  <meta name='ocr-system' content='tesseract 3.04.00' />
  <meta name='ocr-capabilities' content='ocr_page ocr_carea ocr_par ocr_line ocrx_word'/>
</head>
<body>
  <div class='ocr_page' id='page_1' title='image "./detragicorumanac00striuoft_0129.png"; bbox 0 0 2080 3314; ppageno 0'>
   <div class='ocr_carea' id='block_1_1' title="bbox 966 327 1054 369">
    <p class='ocr_par' dir='ltr' id='par_1_1' title="bbox 966 327 1054 369">
     <span class='ocr_line' id='line_1_1' title="bbox 966 327 1054 369; baseline 0.011 -1"><span class='ocrx_word' id='word_1_1' title='bbox 966 327 1054 369; x_wconf 79' lang='lat'>&#39;117</span> 
     </span>
    </p>
   </div>
   <div class='ocr_carea' id='block_1_2' title="bbox 285 453 1740 511">
    <p class='ocr_par' dir='ltr' id='par_1_2' title="bbox 285 453 1740 511">
     <span class='ocr_line' id='line_1_2' title="bbox 285 453 1740 511; baseline -0.005 -9"><span class='ocrx_word' id='word_1_2' title='bbox 285 462 431 502; x_wconf 81' lang='lat' dir='ltr'>tamen</span> <span class='ocrx_word' id='word_1_3' title='bbox 463 457 592 500; x_wconf 88' lang='lat' dir='ltr'>etiam</span> <span class='ocrx_word' id='word_1_4' title='bbox 623 457 800 500; x_wconf 89' lang='lat' dir='ltr'>heroum</span> <span class='ocrx_word' id='word_1_5' title='bbox 818 457 1003 498; x_wconf 89' lang='lat' dir='ltr'>nutrices</span> <span class='ocrx_word' id='word_1_6' title='bbox 1019 456 1150 510; x_wconf 89' lang='lat' dir='ltr'>„tales</span> <span class='ocrx_word' id='word_1_7' title='bbox 1162 453 1328 511; x_wconf 87' lang='lat' dir='ltr'>nugas”</span> <span class='ocrx_word' id='word_1_8' title='bbox 1341 454 1567 511; x_wconf 88' lang='lat' dir='ltr'>denegant,</span> <span class='ocrx_word' id='word_1_9' title='bbox 1585 453 1740 496; x_wconf 79' lang='lat' dir='ltr'>fabulis</span> 
     </span>
    </p>
   </div>
   <div class='ocr_carea' id='block_1_3' title="bbox 284 541 994 603">
    <p class='ocr_par' dir='ltr' id='par_1_3' title="bbox 284 541 994 603">
     <span class='ocr_line' id='line_1_3' title="bbox 284 541 994 603; baseline -0.007 -12"><span class='ocrx_word' id='word_1_10' title='bbox 284 561 330 591; x_wconf 87' lang='lat' dir='ltr'>se</span> <span class='ocrx_word' id='word_1_11' title='bbox 360 550 522 590; x_wconf 90' lang='lat' dir='ltr'>temere</span> <span class='ocrx_word' id='word_1_12' title='bbox 553 545 648 588; x_wconf 91' lang='lat' dir='ltr'>duci</span> <span class='ocrx_word' id='word_1_13' title='bbox 679 545 940 603; x_wconf 86' lang='lat' dir='ltr'>profitentes.</span> <span class='ocrx_word' id='word_1_14' title='bbox 962 541 994 599; x_wconf 89' lang='lat'>1)</span> 
     </span>
    </p>
   </div>
   <div class='ocr_carea' id='block_1_4' title="bbox 219 717 1739 2360">
    <p class='ocr_par' dir='ltr' id='par_1_4' title="bbox 219 717 1739 2360">
     <span class='ocr_line' id='line_1_4' title="bbox 340 717 1738 779; baseline -0.002 -15"><span class='ocrx_word' id='word_1_15' title='bbox 340 721 572 779; x_wconf 90' lang='lat' dir='ltr'>Postquam</span> <span class='ocrx_word' id='word_1_16' title='bbox 602 720 845 764; x_wconf 90' lang='lat' dir='ltr'>Herodotus</span> <span class='ocrx_word' id='word_1_17' title='bbox 875 720 1227 778; x_wconf 82' lang='lat' dir='ltr'>Thucydidesque</span> <span class='ocrx_word' id='word_1_18' title='bbox 1267 720 1313 762; x_wconf 88' lang='lat' dir='ltr'>in</span> <span class='ocrx_word' id='word_1_19' title='bbox 1353 719 1530 762; x_wconf 91' lang='lat' dir='ltr'>historia</span> <span class='ocrx_word' id='word_1_20' title='bbox 1560 717 1738 762; x_wconf 89' lang='lat' dir='ltr'>conscri-</span> 
     </span>
     <span class='ocr_line' id='line_1_5' title="bbox 281 806 1738 866; baseline -0.003 -13"><span class='ocrx_word' id='word_1_21' title='bbox 281 809 422 854; x_wconf 88' lang='lat' dir='ltr'>benda</span> <span class='ocrx_word' id='word_1_22' title='bbox 467 808 548 851; x_wconf 87' lang='lat' dir='ltr'>arti</span> <span class='ocrx_word' id='word_1_23' title='bbox 595 809 765 852; x_wconf 80' lang='lat' dir='ltr'>criticae</span> <span class='ocrx_word' id='word_1_24' title='bbox 813 809 928 852; x_wconf 87' lang='lat' dir='ltr'>viam</span> <span class='ocrx_word' id='word_1_25' title='bbox 976 809 1277 866; x_wconf 77' lang='lat' dir='ltr'>patefecerant,</span> <span class='ocrx_word' id='word_1_26' title='bbox 1305 808 1470 850; x_wconf 89' lang='lat' dir='ltr'>fabulas</span> <span class='ocrx_word' id='word_1_27' title='bbox 1507 822 1532 850; x_wconf 93' lang='lat' dir='ltr'>a</span> <span class='ocrx_word' id='word_1_28' title='bbox 1558 806 1738 850; x_wconf 85' lang='lat' dir='ltr'>veritate</span> 
     </span>
     <span class='ocr_line' id='line_1_6' title="bbox 281 892 1738 955; baseline -0.001 -14"><span class='ocrx_word' id='word_1_29' title='bbox 281 901 562 953; x_wconf 83' lang='lat' dir='ltr'>secernentes,</span> <span class='ocrx_word' id='word_1_30' title='bbox 596 892 823 955; x_wconf 83' lang='lat' dir='ltr'>Euripides</span> <span class='ocrx_word' id='word_1_31' title='bbox 855 911 1000 940; x_wconf 89' lang='lat' dir='ltr'>corum</span> <span class='ocrx_word' id='word_1_32' title='bbox 1032 897 1221 954; x_wconf 89' lang='lat' dir='ltr'>aequalis</span> <span class='ocrx_word' id='word_1_33' title='bbox 1254 896 1432 940; x_wconf 85' lang='lat' dir='ltr'>eandem</span> <span class='ocrx_word' id='word_1_34' title='bbox 1458 896 1587 951; x_wconf 86' lang='lat' dir='ltr'>viam,</span> <span class='ocrx_word' id='word_1_35' title='bbox 1605 909 1738 952; x_wconf 92' lang='lat' dir='ltr'>quan-</span> 
     </span>
     <span class='ocr_line' id='line_1_7' title="bbox 281 983 1739 1042; baseline -0.002 -13"><span class='ocrx_word' id='word_1_36' title='bbox 281 985 440 1029; x_wconf 86' lang='lat' dir='ltr'>tumvis</span> <span class='ocrx_word' id='word_1_37' title='bbox 472 985 657 1028; x_wconf 89' lang='lat' dir='ltr'>alienam</span> <span class='ocrx_word' id='word_1_38' title='bbox 690 1001 716 1028; x_wconf 88' lang='lat' dir='ltr'>a</span> <span class='ocrx_word' id='word_1_39' title='bbox 748 999 851 1028; x_wconf 89' lang='lat' dir='ltr'>vera</span> <span class='ocrx_word' id='word_1_40' title='bbox 882 985 1011 1042; x_wconf 86' lang='lat' dir='ltr'>poesi,</span> <span class='ocrx_word' id='word_1_41' title='bbox 1035 985 1250 1041; x_wconf 87' lang='lat' dir='ltr'>ingressus</span> <span class='ocrx_word' id='word_1_42' title='bbox 1272 988 1348 1027; x_wconf 91' lang='lat' dir='ltr'>est.</span> <span class='ocrx_word' id='word_1_43' title='bbox 1366 983 1499 1027; x_wconf 82' lang='lat' dir='ltr'>Cuius</span> <span class='ocrx_word' id='word_1_44' title='bbox 1515 984 1577 1027; x_wconf 88' lang='lat' dir='ltr'>rei</span> <span class='ocrx_word' id='word_1_45' title='bbox 1595 998 1739 1027; x_wconf 88' lang='lat' dir='ltr'>exem-</span> 
     </span>
     <span class='ocr_line' id='line_1_8' title="bbox 279 1048 1737 1132; baseline -0.001 -17"><span class='ocrx_word' id='word_1_46' title='bbox 279 1074 399 1132; x_wconf 92' lang='lat' dir='ltr'>plum</span> <span class='ocrx_word' id='word_1_47' title='bbox 431 1077 520 1116; x_wconf 91' lang='lat' dir='ltr'>esto</span> <span class='ocrx_word' id='word_1_48' title='bbox 551 1072 734 1128; x_wconf 88' lang='lat' dir='ltr'>Helena,</span> <span class='ocrx_word' id='word_1_49' title='bbox 770 1048 882 1130; x_wconf 22' lang='lat' dir='ltr'>quae·</span> <span class='ocrx_word' id='word_1_50' title='bbox 909 1073 954 1114; x_wconf 92' lang='lat' dir='ltr'>in</span> <span class='ocrx_word' id='word_1_51' title='bbox 987 1073 1229 1129; x_wconf 87' lang='lat' dir='ltr'>cognomini</span> <span class='ocrx_word' id='word_1_52' title='bbox 1261 1072 1406 1115; x_wconf 89' lang='lat' dir='ltr'>fabula</span> <span class='ocrx_word' id='word_1_53' title='bbox 1436 1072 1737 1115; x_wconf 82' lang='lat' dir='ltr'>miraculorum</span> 
     </span>
     <span class='ocr_line' id='line_1_9' title="bbox 279 1160 1739 1219; baseline -0.001 -15"><span class='ocrx_word' id='word_1_54' title='bbox 279 1162 421 1219; x_wconf 89' lang='lat' dir='ltr'>plena,</span> <span class='ocrx_word' id='word_1_55' title='bbox 450 1160 659 1217; x_wconf 85' lang='lat' dir='ltr'>originem</span> <span class='ocrx_word' id='word_1_56' title='bbox 691 1175 811 1203; x_wconf 88' lang='lat' dir='ltr'>suam</span> <span class='ocrx_word' id='word_1_57' title='bbox 843 1175 898 1203; x_wconf 84' lang='lat' dir='ltr'>ex</span> <span class='ocrx_word' id='word_1_58' title='bbox 929 1174 1021 1215; x_wconf 86' lang='lat' dir='ltr'>ovo,</span> <span class='ocrx_word' id='word_1_59' title='bbox 1055 1161 1166 1217; x_wconf 91' lang='lat' dir='ltr'>quod</span> <span class='ocrx_word' id='word_1_60' title='bbox 1182 1160 1301 1203; x_wconf 91' lang='lat' dir='ltr'>Leda</span> <span class='ocrx_word' id='word_1_61' title='bbox 1316 1160 1541 1218; x_wconf 86' lang='lat' dir='ltr'>pepererit,</span> <span class='ocrx_word' id='word_1_62' title='bbox 1560 1174 1739 1202; x_wconf 90' lang='lat' dir='ltr'>narrans</span> 
     </span>
     <span class='ocr_line' id='line_1_10' title="bbox 279 1247 1738 1303; baseline -0.001 -11"><span class='ocrx_word' id='word_1_63' title='bbox 279 1249 443 1293; x_wconf 85' lang='lat' dir='ltr'>cautius</span> <span class='ocrx_word' id='word_1_64' title='bbox 473 1249 608 1292; x_wconf 84' lang='lat' dir='ltr'>addit:</span> <span class='ocrx_word' id='word_1_65' title='bbox 642 1249 677 1291; x_wconf 87' lang='lat' dir='ltr'>si</span> <span class='ocrx_word' id='word_1_66' title='bbox 707 1263 810 1291; x_wconf 85' lang='lat' dir='ltr'>vera</span> <span class='ocrx_word' id='word_1_67' title='bbox 841 1249 991 1291; x_wconf 90' lang='lat' dir='ltr'>saltem</span> <span class='ocrx_word' id='word_1_68' title='bbox 1018 1252 1082 1291; x_wconf 89' lang='lat' dir='ltr'>est</span> <span class='ocrx_word' id='word_1_69' title='bbox 1107 1248 1213 1292; x_wconf 92' lang='lat' dir='ltr'>haec</span> <span class='ocrx_word' id='word_1_70' title='bbox 1229 1249 1430 1291; x_wconf 89' lang='lat' dir='ltr'>narratio.</span> <span class='ocrx_word' id='word_1_71' title='bbox 1444 1247 1478 1303; x_wconf 87' lang='lat'>2)</span> <span class='ocrx_word' id='word_1_72' title='bbox 1504 1247 1571 1291; x_wconf 92' lang='lat' dir='ltr'>De</span> <span class='ocrx_word' id='word_1_73' title='bbox 1589 1247 1738 1291; x_wconf 90' lang='lat' dir='ltr'>eadem</span> 
     </span>
     <span class='ocr_line' id='line_1_11' title="bbox 278 1333 1736 1392; baseline -0.003 -11"><span class='ocrx_word' id='word_1_74' title='bbox 278 1352 324 1381; x_wconf 91' lang='lat' dir='ltr'>re</span> <span class='ocrx_word' id='word_1_75' title='bbox 364 1337 640 1380; x_wconf 86' lang='lat' dir='ltr'>mulierculae</span> <span class='ocrx_word' id='word_1_76' title='bbox 678 1336 732 1379; x_wconf 91' lang='lat' dir='ltr'>ad</span> <span class='ocrx_word' id='word_1_77' title='bbox 768 1337 897 1380; x_wconf 92' lang='lat' dir='ltr'>telam</span> <span class='ocrx_word' id='word_1_78' title='bbox 939 1336 1209 1392; x_wconf 82' lang='lat' dir='ltr'>disserentes,</span> <span class='ocrx_word' id='word_1_79' title='bbox 1250 1351 1336 1379; x_wconf 90' lang='lat' dir='ltr'>non</span> <span class='ocrx_word' id='word_1_80' title='bbox 1366 1336 1544 1387; x_wconf 86' lang='lat' dir='ltr'>credunt</span> <span class='ocrx_word' id='word_1_81' title='bbox 1573 1333 1736 1378; x_wconf 80' lang='lat' dir='ltr'>Ledam</span> 
     </span>
     <span class='ocr_line' id='line_1_12' title="bbox 227 1423 1737 1489; baseline -0.002 -21"><span class='ocrx_word' id='word_1_82' title='bbox 227 1485 231 1489; x_wconf 85' lang='lat'>.</span> <span class='ocrx_word' id='word_1_83' title='bbox 281 1424 496 1468; x_wconf 86' lang='lat' dir='ltr'>Helenam</span> <span class='ocrx_word' id='word_1_84' title='bbox 527 1438 663 1482; x_wconf 84' lang='lat' dir='ltr'>cygno</span> <span class='ocrx_word' id='word_1_85' title='bbox 693 1425 919 1482; x_wconf 86' lang='lat' dir='ltr'>peperisse,</span> <span class='ocrx_word' id='word_1_86' title='bbox 952 1424 1027 1467; x_wconf 89' lang='lat' dir='ltr'>sed</span> <span class='ocrx_word' id='word_1_87' title='bbox 1047 1439 1073 1468; x_wconf 89' lang='lat' dir='ltr'>a</span> <span class='ocrx_word' id='word_1_88' title='bbox 1102 1424 1209 1467; x_wconf 90' lang='lat' dir='ltr'>fictis</span> <span class='ocrx_word' id='word_1_89' title='bbox 1225 1424 1432 1482; x_wconf 87' lang='lat' dir='ltr'>poematis</span> <span class='ocrx_word' id='word_1_90' title='bbox 1448 1424 1555 1466; x_wconf 89' lang='lat' dir='ltr'>tales</span> <span class='ocrx_word' id='word_1_91' title='bbox 1571 1423 1737 1466; x_wconf 87' lang='lat' dir='ltr'>fabulas</span> 
     </span>
     <span class='ocr_line' id='line_1_13' title="bbox 278 1501 1733 1570; baseline -0.002 -14"><span class='ocrx_word' id='word_1_92' title='bbox 278 1501 505 1570; x_wconf 34' lang='lat' dir='ltr'>originem*</span> <span class='ocrx_word' id='word_1_93' title='bbox 526 1512 679 1555; x_wconf 90' lang='lat' dir='ltr'>ducere</span> <span class='ocrx_word' id='word_1_94' title='bbox 710 1512 970 1555; x_wconf 84' lang='lat' dir='ltr'>existimant.</span> <span class='ocrx_word' id='word_1_95' title='bbox 987 1508 1021 1567; x_wconf 81' lang='lat'>3)</span> <span class='ocrx_word' id='word_1_96' title='bbox 1062 1512 1299 1555; x_wconf 92' lang='lat' dir='ltr'>Mercurius</span> <span class='ocrx_word' id='word_1_97' title='bbox 1328 1512 1374 1554; x_wconf 92' lang='lat' dir='ltr'>in</span> <span class='ocrx_word' id='word_1_98' title='bbox 1406 1512 1509 1554; x_wconf 91' lang='lat' dir='ltr'>Ione</span> <span class='ocrx_word' id='word_1_99' title='bbox 1540 1511 1685 1554; x_wconf 89' lang='lat' dir='ltr'>fabula</span> <span class='ocrx_word' id='word_1_100' title='bbox 1700 1511 1733 1566; x_wconf 83' lang='lat'>⁴)</span> 
     </span>
     <span class='ocr_line' id='line_1_14' title="bbox 279 1599 1735 1660; baseline -0.001 -17"><span class='ocrx_word' id='word_1_101' title='bbox 279 1599 567 1643; x_wconf 84' lang='lat' dir='ltr'>Erechtheum</span> <span class='ocrx_word' id='word_1_102' title='bbox 607 1601 857 1660; x_wconf 60' lang='lat' dir='ltr'>terriqenam</span> <span class='ocrx_word' id='word_1_103' title='bbox 893 1604 1038 1656; x_wconf 73' lang='lat' dir='ltr'>vocat,</span> <span class='ocrx_word' id='word_1_104' title='bbox 1080 1599 1254 1643; x_wconf 91' lang='lat' dir='ltr'>Xuthus</span> <span class='ocrx_word' id='word_1_105' title='bbox 1294 1604 1453 1654; x_wconf 90' lang='lat' dir='ltr'>tamen,</span> <span class='ocrx_word' id='word_1_106' title='bbox 1495 1601 1565 1643; x_wconf 88' lang='lat' dir='ltr'>vel</span> <span class='ocrx_word' id='word_1_107' title='bbox 1595 1600 1735 1657; x_wconf 89' lang='lat' dir='ltr'>potius</span> 
     </span>
     <span class='ocr_line' id='line_1_15' title="bbox 275 1688 1735 1746; baseline -0.001 -15"><span class='ocrx_word' id='word_1_108' title='bbox 275 1691 414 1746; x_wconf 85' lang='lat' dir='ltr'>poeta,</span> <span class='ocrx_word' id='word_1_109' title='bbox 456 1688 588 1731; x_wconf 89' lang='lat' dir='ltr'>critici</span> <span class='ocrx_word' id='word_1_110' title='bbox 627 1692 768 1745; x_wconf 89' lang='lat' dir='ltr'>partes</span> <span class='ocrx_word' id='word_1_111' title='bbox 799 1702 944 1745; x_wconf 88' lang='lat' dir='ltr'>agens,</span> <span class='ocrx_word' id='word_1_112' title='bbox 977 1689 1112 1731; x_wconf 90' lang='lat' dir='ltr'>solum</span> <span class='ocrx_word' id='word_1_113' title='bbox 1142 1689 1297 1731; x_wconf 90' lang='lat' dir='ltr'>liberos</span> <span class='ocrx_word' id='word_1_114' title='bbox 1328 1689 1505 1745; x_wconf 82' lang='lat' dir='ltr'>gignere</span> <span class='ocrx_word' id='word_1_115' title='bbox 1536 1693 1679 1745; x_wconf 88' lang='lat' dir='ltr'>negat.</span> <span class='ocrx_word' id='word_1_116' title='bbox 1701 1688 1735 1743; x_wconf 83' lang='lat'>⁵)</span> 
     </span>
     <span class='ocr_line' id='line_1_16' title="bbox 219 1774 1735 1834; baseline 0 -16"><span class='ocrx_word' id='word_1_117' title='bbox 219 1781 223 1784; x_wconf 79' lang='grc'><strong>“</strong></span> <span class='ocrx_word' id='word_1_118' title='bbox 274 1774 339 1818; x_wconf 89' lang='lat' dir='ltr'>Eo</span> <span class='ocrx_word' id='word_1_119' title='bbox 378 1790 512 1833; x_wconf 88' lang='lat' dir='ltr'>usque</span> <span class='ocrx_word' id='word_1_120' title='bbox 550 1776 724 1832; x_wconf 85' lang='lat' dir='ltr'>ingenio</span> <span class='ocrx_word' id='word_1_121' title='bbox 755 1790 830 1818; x_wconf 91' lang='lat' dir='ltr'>suo</span> <span class='ocrx_word' id='word_1_122' title='bbox 859 1776 1055 1833; x_wconf 88' lang='lat' dir='ltr'>indulget</span> <span class='ocrx_word' id='word_1_123' title='bbox 1085 1776 1311 1834; x_wconf 85' lang='lat' dir='ltr'>Euripides</span> <span class='ocrx_word' id='word_1_124' title='bbox 1342 1780 1390 1818; x_wconf 95' lang='lat' dir='ltr'>ut</span> <span class='ocrx_word' id='word_1_125' title='bbox 1422 1777 1467 1818; x_wconf 92' lang='lat' dir='ltr'>in</span> <span class='ocrx_word' id='word_1_126' title='bbox 1499 1776 1680 1819; x_wconf 86' lang='lat' dir='ltr'>Bacchis</span> <span class='ocrx_word' id='word_1_127' title='bbox 1701 1776 1735 1831; x_wconf 80' lang='lat'>⁰)</span> 
     </span>
     <span class='ocr_line' id='line_1_17' title="bbox 274 1862 1732 1921; baseline 0 -15"><span class='ocrx_word' id='word_1_128' title='bbox 274 1862 475 1918; x_wconf 82' lang='lat' dir='ltr'>Tiresias,</span> <span class='ocrx_word' id='word_1_129' title='bbox 507 1864 789 1921; x_wconf 85' lang='lat' dir='ltr'>etymologiae</span> <span class='ocrx_word' id='word_1_130' title='bbox 820 1864 1085 1919; x_wconf 89' lang='lat' dir='ltr'>magistellus</span> <span class='ocrx_word' id='word_1_131' title='bbox 1112 1864 1260 1919; x_wconf 87' lang='lat' dir='ltr'>factus,</span> <span class='ocrx_word' id='word_1_132' title='bbox 1279 1864 1468 1906; x_wconf 86' lang='lat' dir='ltr'>fabulam</span> <span class='ocrx_word' id='word_1_133' title='bbox 1481 1864 1532 1907; x_wconf 92' lang='lat' dir='ltr'>de</span> <span class='ocrx_word' id='word_1_134' title='bbox 1551 1864 1732 1919; x_wconf 88' lang='lat' dir='ltr'>Baccho,</span> 
     </span>
     <span class='ocr_line' id='line_1_18' title="bbox 275 1932 1734 2007; baseline 0.001 -14"><span class='ocrx_word' id='word_1_135' title='bbox 275 1950 323 1993; x_wconf 91' lang='lat' dir='ltr'>in</span> <span class='ocrx_word' id='word_1_136' title='bbox 352 1932 473 1994; x_wconf 22' lang='lat' dir='ltr'>Iovis·</span> <span class='ocrx_word' id='word_1_137' title='bbox 503 1951 662 1994; x_wconf 88' lang='lat' dir='ltr'>femore</span> <span class='ocrx_word' id='word_1_138' title='bbox 692 1951 868 2007; x_wconf 90' lang='lat' dir='ltr'>incluso,</span> <span class='ocrx_word' id='word_1_139' title='bbox 903 1967 926 1994; x_wconf 90' lang='lat' dir='ltr'>e</span> <span class='ocrx_word' id='word_1_140' title='bbox 962 1952 1190 1995; x_wconf 85' lang='lat' dir='ltr'>verborum</span> <span class='ocrx_word' id='word_1_141' title='bbox 1220 1954 1318 1994; x_wconf 90' lang='lat' dir='ltr'>lusu</span> <span class='ocrx_word' id='word_1_142' title='bbox 1349 1957 1484 1995; x_wconf 91' lang='lat' dir='ltr'>ortam</span> <span class='ocrx_word' id='word_1_143' title='bbox 1516 1967 1607 1995; x_wconf 92' lang='lat' dir='ltr'>esse</span> <span class='ocrx_word' id='word_1_144' title='bbox 1638 1967 1734 1995; x_wconf 92' lang='lat' dir='ltr'>con-</span> 
     </span>
     <span class='ocr_line' id='line_1_19' title="bbox 276 2037 1733 2098; baseline 0.001 -17"><span class='ocrx_word' id='word_1_145' title='bbox 276 2037 445 2082; x_wconf 81' lang='lat' dir='ltr'>tendat:</span> <span class='ocrx_word' id='word_1_146' title='bbox 507 2039 724 2096; x_wconf 87' lang='lat' dir='ltr'>„Iupiter”</span> <span class='ocrx_word' id='word_1_147' title='bbox 771 2040 885 2083; x_wconf 90' lang='lat' dir='ltr'>enim</span> <span class='ocrx_word' id='word_1_148' title='bbox 936 2040 1076 2097; x_wconf 92' lang='lat' dir='ltr'>inquit</span> <span class='ocrx_word' id='word_1_149' title='bbox 1131 2041 1337 2098; x_wconf 89' lang='lat' dir='ltr'>„abrupta</span> <span class='ocrx_word' id='word_1_150' title='bbox 1377 2044 1504 2098; x_wconf 88' lang='lat' dir='ltr'>parte</span> <span class='ocrx_word' id='word_1_151' title='bbox 1551 2040 1733 2097; x_wconf 90' lang='lat' dir='ltr'>quadam</span> 
     </span>
     <span class='ocr_line' id='line_1_20' title="bbox 277 2125 1734 2185; baseline 0.001 -17"><span class='ocrx_word' id='word_1_152' title='bbox 277 2125 462 2169; x_wconf 87' lang='lat' dir='ltr'>aetheris</span> <span class='ocrx_word' id='word_1_153' title='bbox 500 2126 615 2170; x_wconf 92' lang='lat' dir='ltr'>hunc</span> <span class='ocrx_word' id='word_1_154' title='bbox 649 2127 968 2171; x_wconf 75' lang='lat' dir='ltr'>transformavit</span> <span class='ocrx_word' id='word_1_155' title='bbox 997 2128 1043 2170; x_wconf 93' lang='lat' dir='ltr'>in</span> <span class='ocrx_word' id='word_1_156' title='bbox 1074 2128 1303 2183; x_wconf 91' lang='lat' dir='ltr'>Bacchum,</span> <span class='ocrx_word' id='word_1_157' title='bbox 1336 2143 1461 2185; x_wconf 92' lang='lat' dir='ltr'>quem</span> <span class='ocrx_word' id='word_1_158' title='bbox 1493 2132 1586 2185; x_wconf 94' lang='lat' dir='ltr'>post</span> <span class='ocrx_word' id='word_1_159' title='bbox 1617 2128 1734 2170; x_wconf 85' lang='lat' dir='ltr'>rixas</span> 
     </span>
     <span class='ocr_line' id='line_1_21' title="bbox 278 2210 1733 2273; baseline 0.001 -17"><span class='ocrx_word' id='word_1_160' title='bbox 278 2212 466 2256; x_wconf 82' lang='lat' dir='ltr'>obsidem</span> <span class='ocrx_word' id='word_1_161' title='bbox 511 2210 706 2271; x_wconf 74' lang='grc' dir='ltr'>(ὅμηρον)</span> <span class='ocrx_word' id='word_1_162' title='bbox 747 2215 921 2258; x_wconf 88' lang='lat' dir='ltr'>tradidit</span> <span class='ocrx_word' id='word_1_163' title='bbox 961 2215 1138 2271; x_wconf 82' lang='lat' dir='ltr'>Iunoni3</span> <span class='ocrx_word' id='word_1_164' title='bbox 1181 2220 1327 2273; x_wconf 88' lang='lat' dir='ltr'>postea</span> <span class='ocrx_word' id='word_1_165' title='bbox 1367 2230 1467 2258; x_wconf 88' lang='lat' dir='ltr'>vero</span> <span class='ocrx_word' id='word_1_166' title='bbox 1507 2216 1646 2273; x_wconf 89' lang='lat' dir='ltr'>ipsum</span> <span class='ocrx_word' id='word_1_167' title='bbox 1688 2215 1733 2258; x_wconf 92' lang='lat' dir='ltr'>in</span> 
     </span>
     <span class='ocr_line' id='line_1_22' title="bbox 277 2301 1731 2360; baseline 0.002 -16"><span class='ocrx_word' id='word_1_168' title='bbox 277 2301 392 2345; x_wconf 84' lang='lat' dir='ltr'>Iovis</span> <span class='ocrx_word' id='word_1_169' title='bbox 446 2302 604 2346; x_wconf 89' lang='lat' dir='ltr'>femore</span> <span class='ocrx_word' id='word_1_170' title='bbox 660 2303 814 2360; x_wconf 77' lang='grc' dir='ltr'>(μηρῷ)</span> <span class='ocrx_word' id='word_1_171' title='bbox 871 2304 1105 2347; x_wconf 90' lang='lat' dir='ltr'>enutritum</span> <span class='ocrx_word' id='word_1_172' title='bbox 1151 2304 1368 2359; x_wconf 90' lang='lat' dir='ltr'>homines,</span> <span class='ocrx_word' id='word_1_173' title='bbox 1416 2304 1562 2346; x_wconf 89' lang='lat' dir='ltr'>fabula</span> <span class='ocrx_word' id='word_1_174' title='bbox 1607 2304 1731 2359; x_wconf 92' lang='lat' dir='ltr'>ficta,</span> 
     </span>
    </p>
   </div>
   <div class='ocr_carea' id='block_1_5' title="bbox 277 2388 1734 2450">
    <p class='ocr_par' dir='ltr' id='par_1_5' title="bbox 277 2388 1734 2450">
     <span class='ocr_line' id='line_1_23' title="bbox 277 2388 1734 2450; baseline 0.003 -19"><span class='ocrx_word' id='word_1_175' title='bbox 277 2388 491 2432; x_wconf 84' lang='lat' dir='ltr'>dixerunt.</span> <span class='ocrx_word' id='word_1_176' title='bbox 532 2389 722 2434; x_wconf 82' lang='lat' dir='ltr'>Cunctae</span> <span class='ocrx_word' id='word_1_177' title='bbox 762 2391 849 2435; x_wconf 89' lang='lat' dir='ltr'>fere</span> <span class='ocrx_word' id='word_1_178' title='bbox 890 2391 1109 2450; x_wconf 87' lang='lat' dir='ltr'>Euripidis</span> <span class='ocrx_word' id='word_1_179' title='bbox 1145 2392 1387 2449; x_wconf 88' lang='lat' dir='ltr'>tragoediae</span> <span class='ocrx_word' id='word_1_180' title='bbox 1418 2393 1573 2449; x_wconf 89' lang='lat' dir='ltr'>omnia,</span> <span class='ocrx_word' id='word_1_181' title='bbox 1606 2406 1734 2450; x_wconf 88' lang='lat' dir='ltr'>quae-</span> 
     </span>
    </p>
   </div>
   <div class='ocr_carea' id='block_1_6' title="bbox 278 2527 555 2534">
    <p class='ocr_par' dir='ltr' id='par_1_6' title="bbox 278 2527 555 2534">
     <span class='ocr_line' id='line_1_24' title="bbox 278 2527 555 2534; baseline 0 0"><span class='ocrx_word' id='word_1_182' title='bbox 278 2527 555 2534; x_wconf 95' lang='lat' dir='ltr'> </span> 
     </span>
    </p>
   </div>
   <div class='ocr_carea' id='block_1_7' title="bbox 327 2605 1611 2712">
    <p class='ocr_par' dir='ltr' id='par_1_7' title="bbox 327 2605 1611 2712">
     <span class='ocr_line' id='line_1_25' title="bbox 327 2605 1611 2655; baseline 0.002 -13"><span class='ocrx_word' id='word_1_183' title='bbox 327 2605 353 2650; x_wconf 87' lang='lat'>¹)</span> <span class='ocrx_word' id='word_1_184' title='bbox 375 2605 487 2653; x_wconf 84' lang='lat' dir='ltr'>Hipp.</span> <span class='ocrx_word' id='word_1_185' title='bbox 512 2607 590 2642; x_wconf 87' lang='grc'><strong>199.</strong></span> <span class='ocrx_word' id='word_1_186' title='bbox 626 2626 673 2632; x_wconf 91' lang='grc'><strong>-</strong></span> <span class='ocrx_word' id='word_1_187' title='bbox 712 2605 740 2652; x_wconf 85' lang='lat'>²)</span> <span class='ocrx_word' id='word_1_188' title='bbox 770 2606 849 2643; x_wconf 87' lang='lat' dir='ltr'>Hel.</span> <span class='ocrx_word' id='word_1_189' title='bbox 875 2608 932 2643; x_wconf 84' lang='lat'>21.</span> <span class='ocrx_word' id='word_1_190' title='bbox 953 2628 1000 2635; x_wconf 89' lang='lat'><strong>—</strong></span> <span class='ocrx_word' id='word_1_191' title='bbox 1029 2607 1054 2651; x_wconf 84' lang='grc'>3)</span> <span class='ocrx_word' id='word_1_192' title='bbox 1085 2608 1114 2644; x_wconf 95' lang='lat' dir='ltr'>I.</span> <span class='ocrx_word' id='word_1_193' title='bbox 1139 2608 1184 2644; x_wconf 91' lang='lat' dir='ltr'>A.</span> <span class='ocrx_word' id='word_1_194' title='bbox 1210 2609 1289 2646; x_wconf 87' lang='lat'><strong>795.</strong></span> <span class='ocrx_word' id='word_1_195' title='bbox 1319 2629 1360 2635; x_wconf 97' lang='lat'>—</span> <span class='ocrx_word' id='word_1_196' title='bbox 1390 2609 1418 2655; x_wconf 86' lang='lat'>⁴)</span> <span class='ocrx_word' id='word_1_197' title='bbox 1453 2608 1532 2645; x_wconf 86' lang='lat' dir='ltr'>Ion.</span> <span class='ocrx_word' id='word_1_198' title='bbox 1553 2610 1611 2644; x_wconf 87' lang='lat'>20.</span> 
     </span>
     <span class='ocr_line' id='line_1_26' title="bbox 328 2663 924 2712; baseline -0.002 -11"><span class='ocrx_word' id='word_1_199' title='bbox 328 2664 356 2712; x_wconf 68' lang='grc' dir='ltr'>ι)</span> <span class='ocrx_word' id='word_1_200' title='bbox 378 2664 429 2702; x_wconf 80' lang='lat' dir='ltr'>id.</span> <span class='ocrx_word' id='word_1_201' title='bbox 455 2665 534 2700; x_wconf 85' lang='lat'><strong>542.</strong></span> <span class='ocrx_word' id='word_1_202' title='bbox 559 2684 604 2691; x_wconf 92' lang='lat'>—-</span> <span class='ocrx_word' id='word_1_203' title='bbox 628 2664 656 2710; x_wconf 84' lang='lat'>⁶)</span> <span class='ocrx_word' id='word_1_204' title='bbox 679 2663 815 2700; x_wconf 83' lang='lat' dir='ltr'>Bacch.</span> <span class='ocrx_word' id='word_1_205' title='bbox 843 2666 924 2702; x_wconf 83' lang='lat'><strong>292.</strong></span> 
     </span>
    </p>
   </div>
  </div>
 </body>
</html>
