2080 3314
1070 364 1125 405 ⁷4

380 485 568 531 Aristide
589 487 804 545 posterior.
837 487 970 543 „Sunt
984 489 1128 546 leges''
1145 490 1206 533 ita
1220 504 1298 533 rex
1313 491 1452 548 pergit
1471 491 1688 547 „omnibus
1704 507 1813 537 com-

379 588 528 617 munes
557 589 633 632 per
653 590 756 633 quas
785 576 920 619 infimi
946 576 1072 632 cives,
1097 577 1220 621 modo
1245 578 1400 621 iustam
1416 593 1585 622 causam
1600 582 1812 635 tueantur,

379 661 687 717 potentissimos
712 663 881 706 vincere
905 667 1090 720 possunt.
1103 650 1298 707 Libertas
1308 665 1384 708 illa
1393 641 1618 722 unicuique
1629 665 1816 709 concedit

380 751 428 788 ut
467 748 685 790 consilium
724 748 982 806 reipublicae
1005 750 1110 793 utile
1138 750 1184 792 in
1213 750 1399 794 medium
1427 751 1635 807 proferat3
1666 750 1813 794 eadem

381 834 650 877 audaciorum
705 836 861 878 civium
916 836 1026 879 vitas
1082 836 1136 879 ab
1182 837 1301 881 anxii
1339 837 1510 894 tyranni
1555 836 1812 891 crudelitate,

380 920 615 976 puellarum
665 922 909 978 pudicitiam
949 922 1003 965 ab
1041 922 1131 965 eius
1176 922 1366 978 libidine,
1412 923 1581 966 divitias
1626 923 1680 966 ab
1724 923 1815 966 eius

381 1007 562 1060 avaritia
590 1008 818 1050 defendit''.
850 1008 1027 1052 Poetam
1063 1013 1208 1051 tamen
1237 1023 1322 1051 non
1351 1009 1523 1052 latuisse
1538 1007 1816 1051 democratiae

380 1094 567 1150 pericula
621 1099 796 1151 apparet
839 1110 863 1138 e
922 1110 1127 1152 praecone
1173 1095 1452 1152 respondente
1512 1109 1638 1151 saepe
1682 1094 1817 1138 homi-

381 1196 469 1237 neS,
524 1182 680 1239 privati
732 1183 838 1225 lucri
879 1182 1096 1238 studiosos,
1142 1183 1344 1240 populum
1389 1182 1509 1225 vanis
1555 1181 1817 1225 sermonibus

382 1268 435 1310 ad
478 1269 593 1311 mala
636 1269 810 1311 consilia
851 1269 1083 1326 impellere,
1130 1269 1241 1326 ipsos
1285 1268 1406 1311 novis
1450 1269 1610 1311 artibus
1638 1282 1817 1326 poenam

383 1356 652 1412 effugientes:
694 1356 881 1411 rusticos,
922 1370 1142 1413 pauperes,
1179 1356 1394 1413 imperitos
1423 1355 1679 1412 reipublicae
1708 1339 1818 1398 com-

383 1443 508 1486 moda
536 1442 743 1499 respicere
772 1457 858 1485 non
890 1456 1026 1499 posse,
1055 1456 1157 1500 prae
1186 1442 1399 1485 laboribus
1428 1442 1554 1487 enim,
1571 1445 1738 1499 tempus
1766 1441 1819 1483 iis

384 1530 550 1585 deesse3
591 1543 716 1586 saepe
744 1529 876 1585 igitur
913 1529 1221 1586 improbissimo
1261 1529 1411 1586 cuique
1441 1542 1586 1572 aurem
1615 1528 1819 1585 praebere

385 1632 479 1660 cum
543 1630 698 1672 magno
762 1616 1118 1672 praestantiorum
1173 1615 1327 1657 civium
1380 1615 1555 1658 damno:
1617 1615 1818 1671 populum

384 1718 507 1761 porro
536 1717 693 1759 magna
722 1717 817 1745 cum
846 1703 1019 1745 levitate
1048 1702 1100 1745 de
1128 1702 1240 1744 bello
1271 1701 1519 1757 suffragium
1535 1701 1645 1744 ferre
1671 1701 1818 1755 solere,

385 1790 496 1847 quod
534 1789 569 1831 si
609 1803 694 1832 non
732 1789 889 1832 faceret
928 1802 1158 1845 numquam
1199 1787 1420 1830 Graeciam
1462 1787 1688 1844 cupiditate
1716 1785 1819 1828 belli

386 1876 596 1919 furentem
625 1876 754 1918 fuisse
782 1876 1014 1933 perituram
1043 1890 1180 1932 neque
1218 1889 1419 1932 umquam
1455 1874 1650 1928 Graecos,
1671 1872 1821 1930 spretis

386 1964 500 2020 pacis
540 1963 779 2018 commodis,
821 1964 1012 2020 improba
1040 1963 1154 2005 bella
1184 1966 1446 2019 suscepturos
1476 1962 1604 2004 fuisse
1632 1964 1681 2003 ut
1708 1960 1821 2003 viros

387 2051 595 2106 urbesque
625 2050 843 2092 inferiores
871 2050 918 2091 in
947 2049 1194 2092 servitutem
1223 2049 1475 2105 redigerent.

446 2136 629 2192 Egregie
659 2136 760 2178 alibi
790 2140 914 2193 poeta
937 2135 1220 2178 multitudinis
1235 2135 1283 2177 in
1298 2134 1476 2177 comitiis
1494 2133 1580 2176 iras
1594 2132 1822 2188 turbasque

389 2223 639 2265 adumbrat:
685 2223 863 2279 populus
906 2222 972 2265 ira
1015 2223 1211 2265 incensus
1250 2235 1335 2264 non
1371 2220 1493 2263 facile
1537 2219 1719 2273 sedatur,
1749 2217 1823 2262 sed

389 2311 461 2367 qui
510 2310 664 2366 populo
708 2310 782 2352 ubi
827 2324 931 2367 opus
976 2313 1041 2352 est
1087 2309 1233 2352 cedere
1278 2312 1551 2364 temporaque
1600 2306 1823 2349 observare

389 2397 545 2451 didicit,
585 2397 659 2439 ubi
697 2396 852 2439 resedit
892 2397 1127 2439 animorum
1167 2395 1283 2438 furor
1322 2394 1443 2438 facile
1479 2393 1579 2450 quid
1606 2392 1711 2446 ¹velit
1744 2391 1822 2433 im-

390 2487 530 2540 petrat
545 2485 588 2534 1).

439 2647 468 2694 1)
492 2648 551 2684 Or.
574 2650 643 2685 696
667 2658 745 2696 sqq.
