2080 3314
1100 382 1154 424 32

411 503 670 562 formamque
699 506 751 548 iis
781 521 866 549 non
896 522 999 562 esse⁷
1031 523 1167 565 neque
1185 508 1485 566 Harpyiarum,
1515 513 1683 568 quasin
1698 511 1845 556 tabula

410 592 521 648 picta
547 592 700 635 Phinei
727 593 854 650 dapes
871 595 1081 651 rapientes
1098 592 1140 649 ¹),
1161 596 1385 652 aliquando
1416 612 1459 640 se
1476 599 1620 642 videre
1636 600 1842 643 meminit.

467 677 596 734 Apud
625 682 788 734 patrem
818 679 1075 737 Hippolytus
1106 681 1359 738 Euripideus
1388 697 1540 739 purum
1571 699 1597 726 a
1622 684 1845 727 concubitu

410 778 500 806 sese
540 765 667 807 iactat
706 780 783 808 nec
822 767 904 809 nisi
944 768 1056 811 fama
1096 770 1164 812 vel
1199 770 1362 826 pictura
1387 785 1480 813 eam
1511 786 1600 814 rem
1630 786 1675 814 se
1704 772 1843 815 novis-

409 865 453 892 se
484 851 665 894 affirmat
681 847 724 906 ¹).

467 938 657 993 Hecuba,
700 954 954 996 quamquam
993 942 1085 998 ipsa
1114 957 1344 999 numquam
1374 958 1527 986 navem
1558 945 1843 988 conscenderit

409 1029 552 1068 tamen
604 1041 705 1082 quos
745 1027 909 1070 labores
948 1029 992 1070 in
1033 1033 1280 1085 tempestate
1321 1031 1499 1073 subeant
1534 1036 1690 1074 nautae
1733 1032 1843 1075 bene

409 1128 452 1156 se
483 1115 649 1157 novisse
679 1120 883 1171 autumat,
916 1131 1000 1159 non
1030 1121 1196 1160 tantum
1227 1118 1373 1160 auditu
1403 1119 1475 1162 sed
1505 1120 1633 1162 etiam
1654 1120 1843 1177 picturae

409 1199 606 1256 adspectu
620 1200 664 1254 3).

465 1285 680 1343 Antigone
720 1288 771 1330 de
812 1289 955 1344 regiae
991 1289 1142 1333 solario
1172 1290 1283 1333 inter
1311 1289 1495 1333 hostium
1525 1291 1649 1334 duces
1679 1291 1842 1349 Hippo·

407 1373 645 1416 medontem
690 1375 917 1417 observans
966 1377 1175 1418 exclamat
1223 1390 1374 1433 „quam
1420 1378 1619 1420 terribilis
1663 1382 1726 1421 est
1770 1379 1841 1422 ad-

407 1465 562 1517 spectU,
605 1476 731 1518 quam
772 1462 906 1518 fulget
942 1467 988 1504 ut
1029 1467 1202 1518 astrum,
1243 1465 1406 1520 giganti
1436 1465 1673 1520 terrigenae
1703 1465 1749 1507 in
1779 1469 1840 1508 ta-

406 1548 516 1590 bulis
545 1549 665 1605 pictis
695 1549 949 1591 consimilis’'
967 1547 1012 1603 4).

464 1635 712 1692 Iphigeniae
751 1637 1034 1679 tristissimam
1076 1642 1228 1680 sortem
1266 1638 1414 1680 chorus
1443 1638 1489 1679 in
1518 1637 1839 1693 Agamemnone

406 1723 644 1766 recordatus
700 1728 798 1766 ante
844 1725 982 1766 oculos
1028 1725 1238 1780 virginem
1284 1725 1489 1781 proponit,
1536 1728 1652 1767 veste
1696 1739 1840 1768 crocea

404 1810 521 1852 humi
565 1811 762 1867 proiecta,
809 1825 1195 1867 unumquemquam
1226 1811 1546 1854 sacrificantium
1586 1811 1639 1853 ad
1677 1811 1838 1854 miseri-

404 1897 587 1939 cordiam
617 1901 857 1940 moventem
888 1901 930 1939 et
959 1897 1182 1940 formosam
1212 1902 1259 1939 ut
1288 1898 1517 1953 imaginem
1547 1898 1702 1954 pictam
1717 1897 1764 1951 5).

461 1984 513 2026 In
544 1984 645 2027 Ione
676 1984 904 2040 Euripiden
933 1984 1128 2026 Minerva
1158 1984 1487 2027 Erechthonium
1519 1999 1542 2027 e
1571 1989 1686 2027 terra
1700 1985 1839 2028 subla-

404 2076 494 2113 tum
541 2071 712 2113 tradidit
758 2070 953 2127 Cecropis
998 2071 1164 2113 filiabus
1220 2071 1485 2127 servandum,
1537 2072 1643 2114 sicut
1683 2086 1734 2115 ea
1771 2086 1838 2116 res

404 2158 448 2200 in
480 2158 651 2215 picturis
683 2158 990 2214 repraesentari
1021 2157 1180 2200 solebat
1196 2156 1242 2210 ⁴⁵).

461 2330 635 2374 Artem
666 2331 943 2374 textrinam
974 2331 1139 2374 silentio
1169 2332 1398 2388 praeterire
1426 2331 1666 2388 potuissem,
1684 2332 1837 2389 quippe

404 2431 530 2475 quam
583 2418 760 2461 Homeri
811 2422 948 2461 aetate
998 2419 1083 2460 iam
1124 2419 1224 2460 satis
1270 2418 1493 2475 profecisse
1538 2422 1738 2475 appareat
1781 2432 1837 2461 ex

403 2503 572 2547 Helena
601 2503 777 2547 heroum
808 2505 1038 2547 certamina
1067 2505 1162 2547 telis
1191 2505 1409 2547 intexente
1434 2504 1477 2559 ⁷),
1509 2505 1591 2546 nisi
1606 2505 1684 2547 loci
1700 2504 1836 2547 cuius-

452 2613 477 2656 ι)
501 2613 608 2648 Eum.
633 2615 690 2648 50.
715 2633 760 2638 —
785 2612 812 2658 ²)
836 2612 946 2658 Hipp.
972 2615 1072 2648 1005.
1099 2633 1141 2639 —
1170 2613 1196 2656 ³)
1223 2613 1355 2648 Troad.
1382 2614 1460 2648 682.
1486 2632 1531 2638 -
1555 2611 1583 2658 4)
1609 2612 1742 2647 Phoen.
1759 2613 1834 2648 127.

451 2670 479 2720 ⁶)
505 2675 573 2717 Ag.
598 2673 677 2709 241.
700 2691 747 2699 -
769 2670 797 2718 ⁶)
821 2671 898 2707 Ion.
923 2672 1002 2708 271.
1027 2691 1072 2698 —
1097 2672 1123 2715 ⁷)
1148 2671 1190 2707 ll.
1215 2671 1282 2717 III,
1299 2673 1362 2707 125
1376 2669 1422 2707 cf.
1434 2669 1555 2715 XXII,
1581 2671 1625 2706 44
1638 2672 1675 2706 et
1686 2669 1830 2717 passim.
