2080 3314
922 310 972 351 '11

223 453 320 484 eum
359 438 516 498 populo
555 451 736 494 regnum
772 435 1029 495 participant
1058 439 1106 478 ut
1135 449 1256 492 reges
1287 433 1435 490 Attici,
1466 433 1675 492 imprimis

224 531 369 573 autem
398 526 602 582 Theseus,
635 539 762 584 quem
799 524 1053 568 domesticae
1082 521 1322 567 Atticorum
1352 522 1525 567 fabulae
1540 520 1574 576 1)
1603 520 1675 564 de-

225 614 453 663 mooratiae
481 614 643 658 faciunt
671 612 942 657 conditorem.

283 701 413 760 Apud
441 701 681 746 Homerum
711 704 993 758 sqeptrum
1021 697 1191 756 insigne
1220 701 1284 742 est
1312 711 1476 754 regum,
1503 709 1583 740 nee
1597 695 1676 738 mi-

225 804 307 834 nus
336 794 497 846 vatum,
544 803 815 848 praeconum,
846 788 1061 843 iudicum3
1094 786 1207 844 apud
1235 785 1417 842 tragicos
1446 797 1547 827 vero
1578 782 1677 826 solis

226 878 398 936 regibus
428 877 645 936 proprium
676 880 752 920 est.
792 875 998 919 Similiter
1027 874 1276 928 thronuS,
1309 872 1423 930 apud
1439 871 1677 915 Homerum

226 965 335 1010 nihil
355 966 438 1009 nisi
452 965 703 1010 artisellium
718 978 814 1007 cum
829 963 990 1007 adiecto
1005 962 1201 1017 scabello,
1217 973 1463 1019 numquam,
1480 959 1525 1002 ni
1541 959 1678 1015 fallor,

227 1054 328 1098 solis
356 1054 529 1111 regibus
558 1052 827 1108 attribuitur3
868 1050 981 1108 apud
1020 1050 1201 1106 tragicos
1237 1062 1403 1105 semper
1433 1047 1486 1090 ad
1514 1046 1678 1103 regiam

229 1146 397 1186 tantum
441 1141 693 1198 dignitatem
738 1138 938 1197 pertinet,
984 1142 1027 1182 et
1066 1151 1162 1180 cum
1193 1139 1356 1193 seeptro
1377 1135 1411 1190 2)
1442 1138 1517 1178 aut
1545 1132 1678 1191 impe-

229 1229 293 1273 rio
307 1229 343 1284 ⁸)
373 1229 541 1286 saepius
570 1226 854 1283 coniungitur.

290 1317 490 1375 Regnum
534 1316 704 1360 heroica
742 1319 882 1359 aetate
926 1314 1229 1358 hereditarium
1275 1317 1359 1369 est;
1406 1310 1682 1355 nihilominus

231 1405 385 1461 Creon,
426 1405 494 1448 eui
532 1408 677 1448 tamen
711 1403 805 1447 iure
844 1401 1099 1446 hereditario
1129 1402 1250 1458 regia
1278 1403 1464 1458 potestas
1499 1401 1604 1453 erat,
1634 1392 1681 1440 in

230 1495 307 1538 illa
335 1489 632 1538 dominationis
661 1491 857 1550 apologia
887 1515 942 1521 -—
973 1504 1082 1548 quae
1112 1489 1329 1533 rhetorum
1350 1487 1516 1545 dicendi
1532 1500 1681 1544 genuS,

231 1581 505 1641 quvis
544 1594 689 1623 rarum
729 1579 785 1622 sit
824 1578 937 1636 apud
978 1578 1242 1635 Sophoclem,
1283 1577 1445 1621 redolet
1476 1600 1530 1605 ——
1562 1574 1682 1617 docet

232 1685 359 1729 quem
403 1669 553 1713 civitas
592 1682 783 1711 summae
822 1681 966 1710 rerum
1006 1665 1255 1723 praefecerit
1296 1665 1336 1708 ei
1377 1664 1490 1707 cives
1530 1675 1681 1719 parere

232 1761 425 1816 oportere
439 1756 475 1812 4)
519 1734 784 1813 regnumque
833 1755 925 1797 sine
973 1753 1117 1811 populi
1168 1766 1374 1796 consensu
1418 1765 1504 1794 non
1548 1750 1683 1793 solere

233 1845 435 1903 aucupari
464 1844 538 1888 sed
567 1843 712 1902 populi
741 1843 885 1886 favore
915 1846 958 1885 et
987 1841 1137 1899 opibus
1167 1840 1349 1883 obtineri
1364 1839 1399 1894 5)
1429 1838 1637 1882 audimus.

293 1933 436 1990 Reges
465 1946 591 1990 saepe
620 1931 827 1989 tyranni
854 1929 1045 1984 audiunt,
1077 1928 1189 1986 quod
1218 1942 1374 1971 nomen
1403 1941 1542 1984 neque
1572 1925 1685 1983 apud

235 2020 474 2064 Homerum
509 2034 647 2077 neque
677 2019 790 2077 apud
821 2019 953 2062 alium
983 2017 1271 2074 antiquiorum
1301 2019 1523 2073 poetarum
1553 2013 1685 2057 Grae-

237 2121 381 2152 corum
436 2110 706 2150 memoratur.
759 2106 966 2163 Hippiam
982 2104 1016 2158 ὃ)
1061 2103 1279 2161 sophisten
1323 2106 1548 2159 sequentes
1600 2115 1686 2144 non

284 2256 313 2297 1)
338 2253 434 2289 Plut.
458 2251 565 2288 Thes.
591 2253 648 2296 21,
673 2252 728 2286 33.
753 2250 859 2286 Paus.
885 2249 914 2294 Ι,
940 2250 971 2291 3,
997 2251 1030 2284 3.

283 2315 312 2356 2)
337 2311 377 2348 Ο.
403 2311 440 2347 C.
465 2311 546 2356 425,
571 2311 651 2352 448,
676 2310 756 2351 354,
782 2309 884 2352 1293,
913 2308 1014 2343 1354.

284 2371 316 2417 3)
339 2369 380 2406 Ο.
406 2369 453 2405 R·
478 2370 558 2414 237,
583 2369 663 2412 399,
689 2367 729 2402 Ο.
756 2366 793 2402 C.
821 2367 920 2403 1380.
946 2366 1033 2402 Ant.
1061 2367 1140 2409 166,
1170 2365 1246 2399 173.
1271 2383 1316 2389 —-
1339 2364 1370 2406 4)
1397 2362 1485 2398 ΑΗΕ.
1513 2363 1594 2398 666.

285 2432 314 2472 5)
337 2428 378 2464 Ο.
403 2427 449 2463 R.
474 2427 555 2462 541.

286 2489 319 2533 ⁶)
344 2485 428 2525 Vid-
465 2484 585 2521 Sobel.
622 2483 777 2530 Argum.
811 2481 851 2518 O·
890 2482 935 2518 R·
974 2485 1053 2534 ὄψέ
1083 2499 1174 2523 ποτε
1210 2483 1320 2521 τοῦδε
1342 2482 1409 2520 τοῦ
1433 2482 1617 2533 ὀνόματος
1634 2486 1687 2523 εἰς

236 2550 415 2597 Ἓλληνας
439 2548 685 2587 διαδοθέντος
707 2544 802 2583 κατά
827 2543 913 2586 τούς
932 2545 1159 2595 Ἀρχιλόχου
1171 2543 1342 2594 χρόνους,
1359 2540 1534 2592 καθάπερ
1544 2541 1687 2582 Ἱππίας

240 2609 262 2646 ὅ
284 2606 461 2658 σοφιστής
473 2618 576 2656 φησι,
601 2612 757 2647 quocum
781 2599 953 2645 congruit
977 2599 1097 2635 Schol.
1123 2598 1244 2634 Prom.
1268 2598 1350 2632 224.
