2080 3314
1088 358 1168 405 12'4

400 487 522 530 modo
565 486 859 530 vehementius
898 488 1202 532 insectantur.’'
1246 490 1490 534 Disserendi
1522 506 1603 547 ars,
1636 493 1671 535 si
1703 491 1844 536 Hecu-

399 576 497 618 bam
542 575 587 616 in
632 575 776 617 fabula
821 576 1057 631 cognomini
1105 577 1310 632 audimus,
1354 593 1457 635 prae
1497 579 1646 622 ceteris
1688 580 1841 624 excoli-

399 666 469 703 tur
517 666 564 703 ut
616 661 747 704 discat
793 662 885 704 aliis
930 663 1184 719 persuadere
1231 668 1273 707 et
1320 665 1445 707 simul
1474 666 1689 723 ,consequi
1734 681 1843 724 quae

399 749 491 804 quis
521 748 683 791 vellit.''
710 746 742 802 1)
798 747 1002 791 Attamen
1033 764 1086 792 ne
1127 750 1409 808 sophistarum
1451 752 1584 795 nimia
1617 753 1842 796 auctoritas

398 849 476 877 nec
523 849 656 891 prava
703 834 916 877 interdum
974 836 1215 892 eloquentia
1261 837 1416 879 civium
1463 853 1600 881 mores
1658 854 1842 882 corrum-

397 924 500 977 pant
539 921 705 977 saepius
744 924 888 963 monet
927 925 1072 978 poeta:
1114 922 1272 965 iniusta
1313 924 1426 965 enim
1464 938 1590 967 causa
1621 922 1664 979 (ὁ
1695 923 1842 973 ἄδικος

396 1005 531 1061 λόγος)
588 1022 638 1049 ea
689 1011 763 1062 est,
823 1022 930 1064 quae
987 1008 1269 1065 sophistarum
1325 1010 1641 1054 medicamentis
1687 1016 1787 1068 eget
1806 1011 1840 1068 2)

397 1108 533 1150 neque
578 1094 752 1151 pulchre
797 1094 935 1137 dicere
982 1096 1177 1138 convenit
1221 1096 1266 1138 in
1313 1098 1438 1139 rebus
1487 1110 1571 1140 non
1620 1098 1838 1155 honestis3

397 1181 584 1238 quisquis
630 1182 743 1224 enim
788 1182 1004 1239 improbus
1050 1187 1113 1225 est
1159 1183 1231 1226 sed
1277 1184 1473 1226 callidum
1511 1185 1555 1227 in
1587 1185 1763 1229 dicendo
1794 1201 1839 1229 se

398 1272 587 1325 praestat
615 1269 758 1325 gravis
788 1283 950 1325 poenae
981 1269 1188 1312 obnoxius
1221 1274 1294 1312 est.
1318 1269 1351 1324 4)

410 1517 412 1519 q
454 1529 546 1572 Iam
586 1529 639 1572 ad
683 1529 811 1572 finem
851 1530 1047 1587 pervenit
1082 1533 1224 1573 nostra
1262 1530 1496 1588 disquisitio
1525 1532 1643 1574 cuius
1673 1536 1836 1575 summa

397 1617 500 1659 haec
545 1620 619 1659 est.
666 1615 917 1673 Aeschylus,
964 1618 1053 1674 ipse
1099 1618 1214 1660 fortis
1260 1618 1451 1673 bellator,
1499 1619 1692 1676 antiquos
1737 1619 1835 1662 deos

397 1705 550 1759 colens,
570 1697 844 1760 'quamquam
885 1703 929 1745 in
972 1704 1096 1746 rebus
1138 1704 1311 1746 minoris
1341 1705 1543 1747 momenti
1575 1706 1628 1748 ab
1659 1705 1835 1748 Homeri

397 1795 534 1834 aetate
590 1791 800 1846 abhorret,
851 1791 1089 1847 tragoedias
1137 1792 1379 1848 conscripsit
1429 1807 1577 1835 revera
1620 1793 1835 1836 heroicum

395 1878 615 1934 ingenium
645 1878 865 1935 spirantes.
898 1877 1101 1920 Similiter
1131 1877 1369 1935 Sophocles,
1396 1879 1644 1935 plerumque
1658 1879 1834 1922 heroum

396 1965 602 2022 dignitate
633 1968 812 2019 servata,
845 1965 889 2006 in
920 1964 1148 2007 levioribus
1178 1968 1344 2007 tantum
1375 1965 1531 2008 saeculi
1562 1966 1626 2007 sui
1642 1980 1778 2009 mores
1795 1970 1837 2009 et

396 2051 716 2094 consuetudines
747 2051 966 2108 expressit.
1010 2050 1235 2108 Euripides
1267 2055 1412 2094 contra
1440 2052 1485 2093 in
1516 2052 1710 2094 omnibus
1742 2067 1836 2110 par-

395 2139 508 2180 tibus
553 2138 607 2180 ab
653 2138 903 2195 antiquitate
949 2138 1192 2193 abhorrens,
1238 2138 1411 2181 eruditis
1441 2153 1516 2195 pro
1547 2139 1833 2194 bellatoribus,

395 2225 653 2282 philosophis
682 2240 758 2282 pro
788 2225 986 2268 heroibus
1017 2225 1062 2267 in
1090 2239 1257 2267 scenam
1275 2225 1534 2280 introductis,
1553 2226 1832 2269 recentiorum

395 2311 614 2354 hominum
644 2312 757 2354 vitae
789 2312 971 2368 effigiem
1002 2311 1281 2354 adumbravit.

455 2399 752 2448 Quaerendum
768 2399 938 2442 tandem
955 2399 1060 2441 mihi
1077 2399 1214 2442 visum
1231 2402 1294 2442 est
1311 2413 1413 2441 num
1429 2402 1491 2442 tot
1511 2398 1832 2454 anachronismi,

442 2606 469 2652 1)
494 2605 581 2641 Hec.
606 2606 685 2641 815.
711 2626 756 2632 —
780 2605 808 2651 ²)
833 2604 970 2640 Phoen.
995 2605 1074 2640 471.
1099 2604 1127 2650 3)
1153 2603 1204 2639 i-d.
1228 2605 1308 2646 526,
1332 2604 1378 2640 cf.
1404 2603 1533 2650 fragm.
1558 2605 1636 2641 255.

446 2669 474 2716 ⁴)
500 2669 596 2705 Med.
622 2670 701 2705 580.
