2080 3314
1062 371 1143 415 104

383 497 789 556 Pythagoraei,
833 498 917 555 qui,
956 502 1049 556 post
1095 498 1289 556 Sybarim
1337 499 1517 542 deletam
1564 513 1619 542 ex
1659 499 1818 557 Magna

384 585 563 628 Graecia
589 600 614 627 a
639 585 762 642 plebe
789 586 912 642 pulsi,
945 586 998 628 ad
1029 585 1307 643 Orphicorum
1340 586 1604 643 disciplinam
1622 601 1667 629 se
1684 587 1817 644 appli-

383 676 581 724 caverant
611 672 655 726 ¹).
717 672 827 714 Tum
883 687 972 715 mos
1027 673 1208 716 invaluit
1262 674 1390 716 libros
1442 673 1724 716 divinationes
1774 677 1817 717 et
1875 661 1878 663 ⁵

382 759 688 802 incantationes
734 759 993 802 continentes
1038 760 1259 816 colligendi
1299 764 1341 803 et
1382 759 1551 817 Orpheo
1589 761 1814 820 tribuendi,

383 861 560 904 quorum
585 847 788 889 librorum
820 847 939 903 copia
967 847 1053 889 iam
1079 846 1247 890 Platoni
1264 848 1427 890 ridendi
1442 848 1672 904 praebebat
1686 852 1818 892 mate-

384 935 503 976 riam.
523 933 557 988 2)
589 934 813 990 Euripides
843 948 1007 990 quoque
1039 933 1242 991 Orphicos
1264 936 1333 977 vel
1349 935 1487 992 potius
1502 935 1818 992 Pythagoraeos
1886 989 1892 993 .
1938 972 1940 974 ,

384 1022 505 1078 parvi
549 1021 686 1063 facere
732 1024 774 1063 et
804 1021 1015 1077 despicere
1046 1020 1235 1076 videtur3
1267 1021 1456 1064 Theseus
1486 1022 1599 1064 enim
1629 1022 1715 1065 filio
1744 1036 1819 1066 suo

385 1108 571 1150 convicia
624 1108 834 1164 ingerens,
892 1122 1017 1164 quem
1072 1123 1276 1150 novercae
1324 1111 1607 1166 corruptorem
1651 1109 1820 1166 pietatis

386 1196 671 1238 simulatorem
698 1195 851 1249 credat,
880 1195 1002 1237 dicit:
1040 1195 1149 1249 „iam
1179 1195 1373 1250 gloriare,
1403 1195 1489 1238 iam
1504 1196 1703 1239 inanimis
1718 1197 1820 1240 cibis

386 1290 426 1327 te
463 1283 579 1325 alens
621 1282 724 1324 alios
765 1282 992 1336 ludificare,
1022 1281 1322 1339 Orpheumque
1352 1273 1615 1338 magistrum,
1646 1298 1819 1327 vanam-

385 1387 465 1428 que
505 1371 595 1414 eius
634 1371 866 1413 doctrinam
906 1369 1094 1421 (πολλῶν
1134 1368 1396 1427 γραμμάτων
1435 1369 1641 1429 καπνούς)
1681 1373 1820 1416 colens

384 1458 629 1502 bacchare’'!
650 1457 684 1513 ⁸)
722 1458 883 1507 Quibus
914 1458 1054 1500 verbis
1085 1457 1331 1515 Euripidem
1362 1458 1676 1515 Pythagoraeos
1706 1474 1820 1517 spec-

385 1550 495 1589 tasse
533 1546 618 1588 iam
655 1545 818 1588 monuit
848 1545 1100 1588 Scholiastes
1121 1543 1167 1600 4).
1214 1546 1424 1602 Magicam
1459 1560 1582 1602 porro
1613 1550 1747 1590 artem
1778 1550 1821 1590 et

384 1634 687 1676 divinationem
732 1647 826 1675 cum
874 1632 1068 1690 Orphicis
1098 1633 1132 1687 5)
1178 1638 1268 1675 tum
1313 1633 1621 1690 Pythagoraeis
1649 1633 1682 1689 ⁶)
1726 1649 1820 1692 pro-

384 1722 519 1778 priam
565 1721 693 1762 fuisse
737 1723 910 1762 constat.
957 1719 1072 1762 Hinc
1115 1721 1391 1776 intelligimus
1437 1725 1478 1763 et
1516 1722 1561 1763 in
1596 1720 1821 1764 Alcestidis

386 1810 529 1852 fabula
559 1807 673 1852 chori
704 1810 932 1866 querelam,
965 1824 1009 1852 se
1039 1810 1204 1851 nullum
1231 1810 1462 1852 remedium
1493 1813 1637 1852 contra
1666 1810 1820 1853 Neces-

387 1898 554 1939 sitatem
581 1897 793 1939 invenisse
822 1897 868 1938 in
887 1896 1055 1951 tabulis,
1075 1910 1178 1953 quas
1196 1895 1390 1953 Orpheus
1407 1897 1698 1954 conscripserit
1714 1895 1761 1953 ⁷),
1779 1902 1821 1941 et

387 1989 622 2041 satyrorum
655 1983 769 2026 chori
802 1983 1058 2037 iactantiam,
1094 1997 1138 2025 se
1171 1982 1330 2039 Orphei
1355 1983 1682 2027 incantationem
1698 1985 1822 2029 valde

386 2072 540 2114 bonam
568 2071 685 2125 scire,
711 2071 827 2112 cuius
853 2085 929 2127 ope
946 2071 1020 2113 fiat
1036 2074 1083 2112 ut
1100 2085 1175 2112 sua
1192 2074 1337 2127 sponte
1354 2071 1477 2113 torris
1493 2071 1658 2113 oculum
1675 2071 1820 2129 Cyclo-

388 2159 451 2216 pis
469 2159 513 2200 in
531 2157 692 2212 cendat‚
703 2156 736 2211 8)
755 2162 796 2199 et
807 2157 1020 2200 Theseum
1036 2158 1170 2199 filium
1187 2149 1309 2199 suum
1325 2157 1630 2200 incantatorem
1646 2158 1821 2215 praesti·
1851 2176 1855 2181 ·

433 2290 461 2334 ¹)
487 2289 622 2324 Muller
649 2288 712 2324 Gr.
738 2288 814 2324 Lit.
840 2288 868 2333 Ι,
892 2289 960 2323 424
984 2300 1060 2334 sqq.
1085 2309 1130 2315 —
1155 2289 1183 2334 2)
1207 2289 1300 2325 Plat.
1326 2289 1418 2335 Rep.
1445 2289 1491 2334 II,
1518 2301 1579 2335 pg.
1604 2291 1682 2325 364.

435 2347 461 2393 ³)
488 2347 596 2392 Hipp.
621 2347 700 2381 952.

432 2410 461 2457 ⁴¹)
487 2409 605 2445 Schol.
642 2408 722 2444 ἐπεὶ
762 2405 837 2458 yde
878 2407 1024 2448 ἔνδοξος
1064 2399 1114 2454 ἦν
1155 2408 1177 2443 ὅ
1207 2408 1441 2459 Πυθαγόρας,
1482 2409 1554 2456 ἤδη
1594 2409 1655 2445 καὶ
1693 2409 1822 2446 πολλοὶ

387 2479 551 2526 α’ψύχων
581 2476 794 2524 α’πείχοντο·
826 2476 962 2523 οἷνοέγει
992 2477 1033 2512 δὲ
1055 2475 1138 2516 τούς
1163 2477 1334 2527 χρόνους,
1356 2478 1440 2528 περὶ
1461 2477 1576 2515 αὐτοῦ
1596 2476 1669 2529 γοῖρ
1682 2478 1820 2519 αἰνίξα-

388 2553 476 2584 σθαι
515 2547 683 2594 βούλεται
723 2546 745 2582 o‘
774 2545 982 2596 Εὔριπίδης·
1012 2545 1175 2586 τοιοῦτος
1205 2547 1251 2582 δέ
1278 2547 1377 2585 ἐστιν
1398 2547 1459 2584 αέὶ
1480 2545 1527 2584 to?
1551 2546 1692 2598 ἤρωικοῖ
1710 2547 1820 2598 πρός-

388 2632 468 2654 ωπα
495 2616 664 2664 εἰσάγων.
691 2633 738 2640 —-
752 2613 781 2660 5)
806 2614 964 2655 Lobeck,
989 2613 1256 2660 quaophamus
1279 2614 1308 2660 I,
1332 2616 1411 2650 242.
1436 2635 1480 2642 —
1495 2615 1523 2662 ⁶)
1549 2615 1620 2651 Cic.
1645 2614 1725 2651 Div.
1742 2616 1772 2659 1,
1786 2616 1818 2650 3.

433 2681 462 2725 7)
488 2681 566 2718 Alc.
591 2683 659 2718 966
683 2692 760 2728 sqq.
786 2700 829 2708 -
853 2680 880 2725 ⁸)
905 2680 1002 2727 Cycl.
1026 2682 1104 2717 646.
