2080 3314
961 385 1013 428 41

222 497 225 499 ‚
262 513 457 571 gestandi
529 512 714 556 Graecas
786 527 877 555 esse
949 512 1158 556 concludit
1199 511 1244 568 1).
1307 512 1492 556 Ratione
1545 512 1716 556 inversa

263 600 432 659 Coprei,
493 601 742 644 atrocissimi
790 601 1021 659 praeconis,
1072 601 1253 657 legimus
1301 604 1498 643 ornatum
1545 600 1716 657 quidem

262 688 473 732 Graecum
505 702 596 730 esse
627 688 701 730 sed
731 688 841 731 facta
873 688 1056 731 barbara
1071 688 1118 742 2).

321 776 579 819 Graecorum
625 776 833 819 libertatis
881 791 998 819 amor
1030 780 1072 819 et
1102 776 1237 818 virtus
1268 777 1434 830 bellica,
1467 776 1612 818 Persis
1644 776 1715 818 de-

260 863 396 918 victis,
443 863 498 906 ad
529 863 799 906 immodicam
831 864 896 905 sui
927 864 1266 907 aestimationem
1298 878 1621 920 nonnumquam
1653 863 1716 905 in-

261 951 439 1006 clinans,
470 952 606 1009 poetis
636 951 854 994 interdum
873 951 1116 994 audaciores
1144 952 1377 994 sententias
1394 952 1581 994 dictavit.
1614 951 1719 994 Bar-

261 1039 355 1082 bari
384 1037 578 1081 homines
608 1038 767 1080 nullius
783 1039 923 1095 pretii
955 1043 1053 1080 sunt
1069 1038 1116 1093 3)⁷
1146 1039 1300 1082 servile
1343 1053 1478 1095 genus
1506 1053 1583 1081 nec
1609 1041 1719 1096 quod

260 1125 407 1168 liberis
439 1124 613 1168 Graecis
644 1127 878 1183 comparari
907 1127 1038 1183 possis
1055 1127 1101 1181 ⁴).
1134 1126 1264 1184 Apud
1295 1127 1497 1170 barbaros
1529 1127 1644 1169 enim
1664 1154 1718 1159 —

262 1213 492 1256 Persarum
523 1229 684 1257 morem
715 1219 884 1272 poetam
915 1220 1106 1272 spectare
1135 1216 1270 1272 liquet
1301 1241 1355 1246 ——
1387 1231 1533 1258 omnes
1550 1220 1719 1273 praeter

261 1316 396 1344 unum
426 1316 481 1344 sc.
515 1316 674 1358 regem,
707 1302 819 1345 servi
851 1307 949 1344 sunt
966 1300 1011 1357 ⁰).
1044 1303 1277 1346 Praeterea
1307 1303 1453 1360 ignavi
1484 1307 1583 1345 sunt
1614 1303 1717 1345 etin

262 1402 408 1446 pugna
434 1388 693 1431 Graecorum
719 1389 844 1432 hasta
859 1390 1080 1433 inferiores
1097 1391 1144 1444 ⁶),
1162 1391 1307 1447 itaque
1325 1390 1508 1434 Graecos
1524 1391 1718 1433 barbaris

261 1476 473 1534 imperare
503 1477 714 1531 convenit,
748 1492 833 1520 non
865 1481 1009 1520 autem
1040 1479 1242 1521 barbaros
1274 1478 1472 1534 Graecis3
1504 1479 1574 1521 isti
1603 1479 1716 1521 enim

261 1563 386 1618 servi,
419 1563 573 1606 Graeci
604 1578 704 1607 vero
735 1565 859 1608 liberi
891 1566 980 1608 nati
1012 1570 1111 1608 sunt
1126 1565 1172 1620 ⁷).
1207 1566 1323 1622 Ergo
1354 1581 1587 1623 numquam
1621 1567 1717 1610 bar-

260 1650 460 1694 barorum
492 1665 628 1707 genus
660 1651 833 1694 Graecis
865 1653 938 1695 fiet
969 1653 1152 1696 amicum
1170 1654 1215 1707 ἶ·).

318 1737 453 1781 Porro
484 1738 658 1781 Graecis
688 1753 939 1796 persuasum
971 1745 1062 1782 erat
1093 1745 1217 1783 extra
1235 1741 1459 1784 Graeciam
1477 1743 1556 1797 ius⁷
1586 1744 1715 1799 leges,

260 1839 388 1868 verae
418 1825 578 1881 gloriae
609 1825 735 1868 decus
767 1841 852 1869 non
883 1828 1074 1884 reperiri.
1137 1828 1262 1870 Iason
1294 1829 1500 1871 beneficia
1522 1845 1599 1872 sua
1615 1845 1718 1887 erga

262 1913 458 1956 Medeam
506 1928 762 1956 enumerans
809 1914 924 1957 hisce
972 1916 1060 1958 fere
1092 1916 1233 1958 verbis
1265 1931 1358 1959 eam
1391 1917 1568 1959 affatur:
1609 1919 1718 1975 „pri-

261 2015 379 2043 mum
411 2001 618 2044 Graecam
651 2006 809 2044 terram
840 2018 916 2060 pro
944 2004 1126 2046 barbaro
1144 2005 1230 2046 solo
1248 2004 1476 2059 inhabitas,
1510 2006 1576 2048 ius
1594 2008 1716 2061 nosti,

263 2087 429 2144 legibus
458 2088 523 2130 uti
553 2089 791 2144 assuevisti,
826 2105 911 2132 non
943 2091 1126 2148 amplius
1158 2091 1211 2133 ad
1241 2092 1474 2135 violentiae
1492 2094 1717 2136 arbitrium

261 2175 384 2218 vivis.
455 2175 582 2218 Nunc
627 2180 745 2219 tuam
793 2177 1067 2221 calliditatem
1116 2193 1262 2221 omnes
1309 2179 1462 2222 Graeci
1508 2186 1719 2223 noverunt

260 2262 373 2305 inter
419 2277 522 2319 quos
568 2264 747 2319 gloriam
796 2265 951 2322 adepta
993 2281 1060 2321 es;
1111 2267 1145 2308 si
1176 2281 1277 2309 vero
1308 2267 1353 2309 in
1384 2256 1551 2310 ultimis*
1578 2273 1718 2311 terrae

260 2349 416 2392 finibus
455 2349 686 2405 habitares,
720 2352 862 2394 nullus
893 2353 945 2395 de
978 2357 1020 2395 te
1051 2358 1160 2396 essct
1192 2354 1358 2397 sermo”
1383 2354 1429 2409 9).
1463 2355 1536 2397 Ius
1567 2357 1716 2411 colere,

310 2470 340 2515 ¹)
366 2469 493 2515 suppl.
519 2471 598 2506 234.
625 2483 676 2517 sq.
701 2493 747 2498 —
772 2473 802 2519 2)
833 2473 966 2509 Hemcl
1008 2476 1074 2510 130
1099 2487 1176 2520 sqq.
1202 2495 1247 2501 -—
1271 2475 1299 2518 3)
1326 2474 1340 2509 l
1380 2476 1422 2511 A.
1451 2478 1529 2512 371.

307 2528 338 2573 4)
365 2527 424 2563 or.
452 2530 553 2564 1115.
580 2549 623 2555 -
649 2535 677 2572 5)
702 2530 784 2566 Hel.
810 2531 890 2567 276.
921 2553 958 2558 —
987 2534 1017 2577 6)
1045 2532 1103 2568 Or.
1134 2536 1232 2569 1485.

309 2586 340 2632 ⁷)
365 2586 392 2621 I.
430 2587 474 2621 A.
515 2589 604 2623 1400
637 2599 690 2633 sq,
728 2589 845 2626 Andr.
883 2592 960 2631 665,
1000 2591 1087 2625 Eur.
1126 2591 1257 2637 fragm.
1296 2594 1375 2633 717,
1413 2592 1458 2627 cf.
1502 2593 1718 2628 Aristoteles

260 2645 382 2687 (Polit.
416 2645 444 2690 Ι,
477 2647 508 2685 2,
548 2645 568 2692 ξ
606 2649 638 2689 5,
677 2647 755 2689 VH,
782 2649 830 2693 6.)
859 2650 921 2693 qui
960 2650 1132 2684 Asiaticis
1157 2650 1325 2685 barbaris
1352 2651 1544 2686 consilium
1572 2652 1717 2697 tribuit,

259 2703 420 2750 abnegat
448 2703 715 2740 fortitudinem.
732 2725 778 2731 —
795 2708 825 2750 8)
858 2706 1123 2743 Hec.1200.-—
1139 2711 1167 2752 ⁰)
1195 2708 1293 2744 Med.
1324 2711 1392 2745 536
1419 2721 1497 2756 sqq.
