2080 3314
1107 391 1161 435 60

416 517 591 572 poterat,
620 530 750 572 quare
775 516 820 558 in
843 518 1159 562 narratiuncula
1176 523 1353 574 tantum,
1372 520 1425 563 ab
1442 519 1574 562 Ulixe
1590 518 1848 562 mendaciter

417 604 602 658 conficta,
653 605 778 648 huius
833 610 969 649 terrae
1024 608 1279 650 mentionem
1325 608 1434 650 fecit.
1487 608 1596 650 Utut
1642 612 1717 663 est,
1765 612 1849 651 tra·-

416 691 603 747 gicorum
633 707 836 748 personae
867 693 1052 737 Siciliam
1079 710 1101 737 e
1131 695 1302 750 regione
1331 695 1480 751 Libyci
1512 695 1644 737 litoris
1674 695 1798 738 sitam
1816 694 1849 749 ¹)

418 780 589 836 eiusque
619 786 782 824 montes
813 786 855 825 et
885 782 1060 827 flumina
1075 782 1107 836 2)
1138 782 1246 825 bene
1271 786 1488 825 noverant.
1514 782 1583 824 Ex
1599 781 1765 825 Aetnae
1783 796 1848 825 ar-

417 866 553 909 dentis
583 868 859 925 descriptione
874 863 921 923 3),
954 884 1079 926 quam
1109 868 1345 926 Aeschylus
1364 870 1410 911 in
1431 869 1685 912 Promethea
1706 868 1849 911 fabula

417 954 693 1010 intercalavit,
726 957 928 999 efficimus
958 957 1067 999 hanc
1097 957 1356 1012 tragoediam
1386 960 1478 1013 post
1509 956 1574 999 Ol.
1603 956 1788 1011 LXXV,
1807 957 1848 1010 2,

417 1042 693 1099 conscriptam
730 1057 834 1097 esse,
871 1057 952 1099 quo
982 1058 1092 1087 anno
1123 1044 1340 1100 eruptione
1370 1039 1658 1085 Aetnaeorum
1687 1042 1850 1099 ignium

418 1131 551 1172 terras
582 1130 782 1172 finitimas
813 1134 999 1173 vastatas
1030 1146 1119 1173 esse
1136 1119 1313 1173 ¹veteres
1344 1131 1618 1173 tradiderunt.

476 1218 805 1274 Nonnumquam
826 1219 898 1260 ubi
916 1218 1060 1261 Sicilia
1076 1218 1187 1275 apud
1202 1219 1381 1274 tragicos
1397 1222 1668 1272 memoratur,
1685 1217 1852 1260 fabulae
1909 1232 1911 1235 ’

421 1308 717 1360 argumentum
729 1319 822 1346 cum
833 1305 958 1347 rebus
970 1319 1018 1346 eo
1034 1308 1220 1361 tempore
1232 1305 1372 1360 gestis,
1382 1319 1463 1361 quo
1479 1304 1622 1346 fabula
1632 1304 1724 1361 ipsa
1734 1303 1853 1347 docta

420 1395 495 1445 est,
523 1391 744 1447 conspirat.
773 1391 987 1445 Troiades,
1015 1391 1134 1434 verbi
1160 1406 1297 1445 causa,
1325 1391 1505 1448 patriam
1541 1405 1660 1433 suam
1687 1390 1853 1433 relictu-

420 1492 505 1532 rae,
532 1482 579 1520 ut
603 1478 649 1519 in
666 1477 853 1520 Siciliam
881 1478 1180 1520 abstrahantur
1196 1478 1369 1535 cupiunt
1384 1477 1430 1532 4),
1449 1492 1576 1534 quam
1592 1481 1682 1519 tum
1698 1477 1744 1518 in
1760 1477 1855 1519 diti-

421 1579 543 1607 onem
585 1579 628 1607 se
669 1565 907 1608 redacturos
950 1580 1040 1607 esse
1081 1565 1306 1622 sperabant
1336 1565 1502 1607 fabulae
1534 1568 1784 1621 spectatores
1804 1564 1851 1618 ⁵).

422 1651 625 1694 Similiter
661 1651 1007 1707 Atheniensibus,
1047 1652 1231 1694 Siculam
1258 1651 1568 1708 expeditionem
1596 1650 1855 1707 parantibus,

421 1739 729 1800 gratificaturus
746 1739 969 1796 Euripides
985 1739 1030 1780 in
1046 1738 1215 1781 Electra
1230 1738 1453 1780 Dioscuros
1469 1738 1514 1779 in
1531 1751 1697 1779 scenam
1708 1736 1854 1793 prode-

421 1829 543 1867 untes
570 1825 694 1867 finxit
718 1826 962 1882 pollicentes
990 1839 1033 1867 se
1058 1825 1103 1866 in
1130 1824 1318 1866 Siculum
1343 1838 1458 1865 mare
1484 1823 1738 1880 profecturos
1765 1828 1855 1865 esse

422 1911 474 1952 ad
513 1927 642 1954 naves
682 1911 1009 1954 Atheniensium
1056 1911 1282 1953 servandas
1323 1911 1529 1966 simulque
1569 1909 1714 1951 violati
1753 1908 1856 1950 iuris

421 1997 587 2039 iurandi
631 2011 786 2053 poenas
823 2011 849 2038 a
894 1996 1078 2038 scelestis
1123 2000 1342 2038 exacturos
1364 1995 1410 2049 ⁶),
1459 2009 1481 2037 e
1523 1994 1673 2050 quibus
1717 1993 1857 2035 verbis

423 2084 523 2126 satis
548 2084 673 2140 plane
701 2087 875 2139 apparet
900 2083 1086 2124 fabulam
1113 2083 1254 2138 paullo
1282 2086 1376 2123 ante
1402 2081 1563 2123 cladem
1591 2084 1726 2123 actam
1755 2092 1857 2122 esse.

423 2171 534 2212 Nam
566 2169 600 2211 si
632 2183 733 2210 vera
766 2173 875 2210 esset
907 2168 1127 2221 sententia,
1162 2182 1288 2223 quam
1316 2167 1516 2222 Hartung
1544 2167 1682 2209 nescio
1709 2167 1859 2223 quibus

423 2257 599 2312 argutiis
625 2256 734 2298 tueri
760 2259 945 2309 conatur,
955 2259 1053 2310 post
1069 2254 1252 2296 Siculam
1269 2254 1551 2295 calamitatem
1568 2253 1753 2295 fabulam
1765 2253 1857 2295 doc-

423 2346 509 2384 tam
527 2357 629 2396 esse,
647 2342 729 2384 Dei
741 2342 895 2384 scilicet
906 2341 1030 2382 nimis
1041 2355 1132 2383 sero
1143 2341 1449 2396 proficiscentes
1461 2354 1545 2382 non
1557 2339 1856 2396 spectatoribus

423 2443 539 2485 spem
571 2429 861 2482 ostendissent,
880 2428 952 2470 sed
982 2428 1113 2469 risum
1144 2427 1196 2468 iis
1221 2427 1290 2469 vel
1314 2427 1453 2483 potius
1478 2427 1586 2468 iram
1611 2426 1852 2468 movissent.

470 2557 498 2599 ¹)
524 2554 656 2589 Troad.
682 2555 760 2588 221.
786 2574 830 2579 —
854 2558 881 2596 2)
906 2554 955 2588 id.
980 2555 1058 2588 228.
1084 2574 1125 2578 —
1140 2556 1167 2594 3)
1187 2553 1305 2587 Prom.
1324 2553 1516 2586 351—367.
1531 2553 1617 2593 ——4)
1632 2549 1854 2584 Troad.221·

469 2614 497 2659 5)
522 2612 628 2647 Teste
644 2612 794 2647 Aeliano
808 2611 892 2646 Var.
909 2611 1001 2646 Hist.
1020 2611 1066 2655 II,
1079 2613 1100 2646 8
1114 2610 1297 2645 Troadum
1313 2609 1437 2645 fabula
1451 2608 1504 2644 01.
1519 2608 1611 2644 XCI.
1628 2610 1657 2642 1.
1672 2607 1779 2642 docta
1789 2609 1855 2642 est.

470 2672 500 2711 6)
527 2670 612 2705 Eur.
639 2670 697 2705 El.
722 2671 822 2706 1347.
