2080 3314
1080 384 1134 426 54

395 510 620 553 Homerico
649 524 728 551 usu
769 508 1051 552 abhorrentia.
1083 502 1221 566 Arpos
1251 511 1364 553 enim
1399 511 1676 567 Pelasyicum,
1717 510 1827 569 quod

393 611 546 639 nomen
576 596 687 653 apud
717 596 952 639 Homerum
983 597 1246 640 Thessaliam
1276 602 1349 640 aut
1370 602 1535 640 tantum
1552 599 1826 643 adiacientem

392 685 535 727 Peneo
565 684 729 726 flumini
758 684 977 741 planitiem
1008 684 1228 740 significat,
1247 685 1372 742 apud
1386 686 1577 742 tragicos,
1594 690 1826 743 praeeunte

393 771 616 827 Aeschylo,
670 771 944 814 recentiorem
990 771 1176 814 fabulam
1224 775 1397 826 secutos,
1444 787 1552 829 quae
1597 773 1826 830 Pelasgum

392 873 536 915 regem
577 858 751 914 Argivis
791 859 1062 915 praefecerat,
1105 863 1262 901 terram
1292 858 1535 915 Argolicam
1571 860 1763 916 designat
1779 855 1826 916 ι),·

394 946 510 988 cuius
556 960 710 988 nomen
754 946 925 1001 Argolis
941 945 975 999 2)
1021 960 1186 1002 quoque
1230 947 1386 989 frustra
1430 946 1541 1003 apud
1591 947 1827 990 Homerum

394 1033 622 1090 quaeritur.
651 1033 897 1089 Euripidem
923 1047 1046 1090 porro
1072 1033 1255 1090 primum
1281 1036 1323 1076 et
1341 1033 1475 1075 solum
1495 1033 1735 1089 Cyclopeam
1749 1038 1828 1076 ter-

394 1134 487 1163 ram
502 1123 518 1146 3
534 1120 565 1174 ),
583 1118 722 1176 Argos
739 1120 978 1163 nominasse
995 1120 1116 1162 facile
1133 1134 1189 1163 ex
1203 1120 1256 1161 iis
1281 1133 1389 1176 quae
1405 1119 1527 1163 modo
1538 1119 1627 1162 dixi
1639 1124 1825 1177 apparet.

450 1207 632 1263 Tragici,
675 1221 804 1263 quum
844 1207 880 1249 T
893 1207 922 1249 h
935 1207 1063 1250 ebas
1104 1221 1267 1263 quoque
1302 1206 1540 1250 describant
1570 1208 1713 1264 quales
1747 1207 1829 1266 ipsi

393 1295 600 1349 viderant,
631 1298 774 1336 tamen
811 1308 896 1336 non
925 1295 985 1337 ita
1015 1309 1089 1336 nos
1120 1294 1349 1349 offendunt,
1373 1296 1508 1337 multa
1537 1295 1583 1337 in
1613 1295 1692 1338 hac
1723 1296 1830 1340 urbe

392 1382 552 1438 priscae
582 1381 843 1437 antiquitatis
873 1374 1147 1424 monumenta
1175 1385 1548 1425 commemorantes
1573 1386 1620 1424 ut
1636 1382 1759 1426 Zethi
1778 1381 1827 1438 4),

394 1468 646 1525 Amphionis
668 1461 714 1522 ὁ),
762 1472 923 1524 septem
969 1468 1126 1511 Niobes
1158 1468 1340 1510 filiarum
1362 1466 1395 1522 6)
1426 1469 1628 1525 sepulcra,
1659 1469 1828 1513 moenia

392 1555 499 1597 miro
539 1554 661 1596 modo
701 1554 754 1596 ab
794 1553 1035 1611 Amphione
1065 1558 1278 1596 exstructa
1299 1553 1345 1608 ⁷),
1376 1554 1565 1598 Tiresiae
1594 1533 1826 1611 angui-acu-

393 1642 481 1682 lum
498 1641 546 1695 S),
578 1640 763 1683 Semeles
778 1640 948 1682 bustum
965 1639 1011 1694 ⁹),
1030 1640 1129 1696 quia
1138 1639 1263 1682 huius
1279 1640 1595 1696 antiquissimae
1609 1641 1726 1683 urbis
1741 1640 1826 1683 his-

394 1727 502 1769 toria
556 1727 610 1769 ad
665 1726 950 1769 vetustissima
1004 1730 1194 1783 tempora
1237 1727 1433 1783 pertinet,
1479 1730 1585 1769 teste
1625 1726 1824 1782 Homero,

394 1813 505 1870 apud
535 1827 659 1869 quem
690 1813 838 1856 heroes
863 1813 949 1855 iam
975 1816 1209 1867 occurrunt,
1233 1826 1409 1868 quorum
1426 1813 1617 1869 sepulcra
1641 1816 1683 1856 et
1698 1827 1827 1870 opera

393 1900 515 1942 modo
560 1900 743 1942 laudavi.
791 1899 843 1941 In
895 1900 1011 1941 urbis
1047 1903 1206 1955 septem
1248 1903 1463 1956 portarum
1511 1901 1826 1944 enumeratione

395 1986 618 2043 Euripides
649 2000 743 2028 cum
773 1985 984 2042 Aeschylo
1015 1986 1102 2028 fere
1131 1986 1322 2042 congruit
1338 1986 1412 2041 ¹⁰);
1439 1986 1534 2036 illas
1559 1991 1701 2043 portas
1726 1964 1835 2030 vero¹

440 2084 468 2129 1)
496 2083 626 2119 Aesch.
663 2082 787 2127 Suppl.
824 2084 901 2117 253.
940 2081 998 2117 Or.
1036 2083 1114 2125 692,
1148 2084 1226 2117 960.
1253 2082 1279 2116 1.
1307 2082 1349 2117 A.
1378 2084 1476 2123 1498,
1503 2081 1610 2118 Herc.
1633 2082 1721 2118 Fur.
1747 2084 1826 2119 464.

395 2140 538 2177 Heracl.
566 2142 643 2175 316.
669 2159 713 2165 -
737 2139 767 2185 2)
793 2139 899 2174 Herc.
924 2138 1011 2174 Fur.
1039 2141 1140 2175 1017.

440 2200 470 2241 3)
498 2199 557 2234 Or.
583 2199 663 2242 965,
690 2197 795 2232 Herc.
819 2197 905 2232 Fur.
935 2198 988 2240 15,
1011 2196 1040 2231 I.
1067 2197 1109 2231 A.
1136 2197 1215 2239 265,
1242 2198 1342 2232 1498.

441 2257 469 2300 4)
493 2257 626 2291 Phoen.
661 2256 740 2299 145,
772 2255 878 2290 Paus.
907 2255 971 2298 IX,
998 2257 1050 2290 17.
1076 2258 1109 2290 4.
1139 2276 1177 2281 —
1203 2255 1231 2301 5)
1258 2255 1355 2300 Sept.
1381 2256 1459 2300 528,
1483 2255 1571 2290 Eur.
1597 2255 1724 2302 Suppl.
1747 2258 1828 2293 663.

441 2316 471 2360 6)
496 2314 632 2350 Phoen.
659 2314 734 2348 159.
758 2333 805 2339 —
829 2313 860 2359 τ)
885 2312 934 2348 id.
962 2314 1038 2355 114,
1063 2314 1143 2347 824.
1818 2317 1821 2319 “

444 2375 477 2417 8)
502 2371 636 2406 Bacch.
662 2372 743 2412 347,
764 2370 899 2405 Phoen.
926 2371 1005 2414 840,
1031 2370 1119 2405 Ant.
1144 2371 1211 2406 999
1236 2369 1282 2405 cf.
1307 2371 1413 2405 Paus.
1438 2370 1500 2415 IX,
1528 2372 1581 2406 16.
1608 2373 1638 2405 l.

442 2419 625 2472 9)⁷Bacch.
651 2430 673 2464 6
697 2427 743 2462 cf.
768 2428 874 2463 Paus.
899 2427 962 2469 IX,
991 2430 1045 2462 12.
1069 2430 1102 2472 3,
1128 2429 1181 2463 16.
1207 2429 1238 2462 4.
1334 2459 1337 2461 Α

432 2489 478 2530 10)
504 2486 591 2521 Eur.
623 2486 757 2521 Phoen.
786 2487 885 2527 1104,
912 2487 1011 2531 1109,
1039 2487 1139 2531 1119,
1166 2487 1254 2520 1129
1289 2485 1336 2521 cf.
1364 2485 1494 2520 Aesch.
1520 2485 1617 2531 Sept.
1642 2488 1720 2531 460,
1746 2489 1824 2533 377,

397 2547 474 2588 570,
499 2546 584 2589 423;
610 2544 813 2579 Krenaeam
838 2546 993 2589 portam,
1020 2543 1171 2588 (Phoen.
1197 2543 1300 2588 1123)
1325 2543 1527 2588 Aeschylus
1550 2545 1694 2578 tantum
1717 2543 1826 2580 Bore-

397 2603 491 2638 alem
528 2602 642 2648 (Sept.
681 2603 761 2645 527)
795 2602 975 2642 nominat;
1011 2604 1155 2647 portam
1188 2613 1273 2637 vero
1303 2601 1514 2646 Hypsistam
1549 2604 1678 2637 neuter
1706 2603 1824 2647 poeta,

397 2661 515 2699 nescio
539 2672 662 2710 quare,
687 2660 902 2698 nominatim
926 2659 1043 2696 affert.
1067 2659 1111 2697 cf.
1137 2660 1271 2698 Phoen.
1298 2661 1398 2707 1134,
1422 2659 1520 2710 Sept.
1546 2661 1624 2698 631.
