2080 3314
925 331 976 374 73

227 462 326 503 sunt
354 458 466 517 apud
483 458 719 502 Homerum
738 458 838 502 dum
861 458 973 516 apud
989 458 1170 516 tragicos
1187 459 1238 502 de
1250 459 1380 502 variis
1401 459 1527 502 rebus
1544 472 1675 516 popu-

227 549 294 591 lus
340 546 588 604 suffragium
636 546 718 589 fert
768 546 945 589 sublatis
990 547 1201 602 manibus,
1248 548 1482 603 χειροτονίᾳ
1513 545 1568 602 ¹):
1621 545 1673 589 de

226 636 338 680 bello
359 634 406 690 2),
455 634 506 678 de
552 634 678 678 caede
724 638 968 692 perpetrata
983 635 1016 688 ³)
1059 635 1196 678 aliove
1236 634 1459 698 criminef)
1491 633 1672 691 publico,

226 723 351 781 eique
381 722 447 765 ius
477 726 541 766 est
571 722 684 765 vitae
715 726 842 779 atque
872 721 987 766 necis
1003 721 1051 778 ⁵).

285 811 564 867 Pelasgorum
630 823 708 852 rex
765 809 877 866 apud
930 808 1193 866 Aeschylum
1209 811 1241 862 6)
1296 810 1387 867 ipse
1432 809 1674 854 Danaidum

227 913 398 943 causam
427 898 651 941 decernere
682 912 768 940 non
799 896 938 952 audet,
971 897 1044 941 sed
1073 899 1228 955 populo
1258 902 1484 941 convocato
1514 898 1676 941 civibus

227 987 313 1031 suis
354 983 422 1043 (τὸ
460 982 604 1027 κοινόν
620 987 652 1038 ⁷)
693 985 920 1042 persuadet
950 989 998 1027 ut
1027 985 1223 1030 benevoli
1254 986 1463 1043 supplices
1493 985 1675 1043 hospitio

228 1073 443 1132 excipiant
473 1076 516 1116 et
545 1073 724 1131 populus
756 1072 969 1130 suffragiis
999 1073 1096 1116 latis
1114 1072 1146 1129 b')
1178 1073 1380 1117 unanime
1410 1073 1597 1117 decrevit
1628 1077 1676 1116 ut

226 1176 282 1206 ne
310 1161 471 1204 invitae
500 1161 668 1218 puellae
698 1158 886 1218 Aegypti
916 1160 1014 1202 filiis
1043 1160 1326 1203 traderentur.

286 1246 447 1290 Eodem
478 1245 601 1290 modo
631 1244 947 1303 Agamemnoni
977 1246 1149 1289 domum
1180 1261 1349 1291 reverso
1378 1247 1424 1290 in
1454 1247 1596 1290 animo
1614 1251 1678 1291 est

227 1349 371 1379 rerum
410 1333 731 1392 perturbationi,
773 1334 902 1390 longa
938 1348 1015 1377 sua
1045 1334 1239 1378 absentia
1267 1335 1314 1377 in
1344 1334 1515 1378 civitate
1546 1339 1676 1392 ortae,

227 1422 400 1478 mederi,
442 1422 597 1480 populo
636 1422 683 1464 in
724 1422 966 1466 concionem
1004 1426 1230 1466 convocato
1260 1423 1452 1480 factaque
1483 1423 1678 1467 omnibus

151 1521 155 1524 “
227 1513 436 1569 potestate
465 1496 632 1554 dicendi
650 1506 699 1566 9).

286 1598 448 1642 Veram
464 1597 806 1641 democratiae
832 1598 1066 1655 imaginem
1093 1597 1296 1654 Theseus,
1314 1599 1384 1642 vel
1399 1598 1539 1656 potius
1555 1598 1680 1642 Euri-

227 1685 346 1743 pides
361 1685 426 1743 ¹⁰),
444 1685 655 1743 expressit
684 1685 729 1728 in
759 1686 833 1728 illo
864 1700 1106 1729 sermonum
1137 1685 1368 1729 certamine
1394 1700 1490 1729 cum
1512 1686 1681 1731 Theba-

228 1787 379 1817 norum
409 1788 629 1832 praecone,
662 1773 734 1831 qui
765 1773 1037 1816 monarchiae
1065 1773 1254 1816 oratione
1285 1787 1363 1816 sua
1378 1774 1679 1830 patrocinatur.

232 1860 485 1917 „Athenis’',
517 1876 595 1905 rex
625 1861 699 1917 ait,
733 1865 988 1918 „tyrannum
1005 1861 1163 1904 frustra
1178 1860 1451 1919 quaesiveris,
1469 1876 1555 1905 non
1571 1861 1681 1918 regi-

227 1953 298 1992 tur
338 1949 440 1992 urbs
481 1949 535 1992 ab
571 1963 657 1993 uno
688 1949 792 2004 viro,
826 1949 900 1992 sed
931 1953 995 1993 est
1024 1949 1160 1992 libera
1190 1949 1352 2004 civitae,
1384 1950 1563 2007 populus
1603 1950 1682 1992 im-

228 2041 350 2096 perat
379 2037 638 2081 successione
668 2051 744 2095 per
771 2037 884 2081 vices
915 2036 1087 2080 annua”
1107 2062 1161 2067 —
1194 2038 1280 2080 scil.
1328 2051 1403 2094 per
1444 2037 1681 2092 archontes,

229 2125 302 2184 qui
332 2125 504 2170 demum
534 2129 628 2183 post
656 2140 694 2169 a.
730 2127 813 2168 683
842 2125 1021 2183 singulis
1048 2126 1171 2169 annis
1197 2125 1465 2181 creabantur,
1493 2125 1682 2183 aliosque

228 2213 502 2271 magistratus
519 2238 573 2244 -—
595 2228 705 2268 „non
735 2213 937 2256 divitibus
966 2214 1198 2271 plurimum
1228 2213 1419 2256 tribuens
1449 2213 1522 2256 sed
1548 2228 1682 2271 aequo

227 2301 321 2345 iure
371 2300 569 2344 fruuntur
609 2301 722 2345 cives
762 2301 1020 2345 tenuiores”.
1082 2301 1230 2351 Qualis
1275 2315 1417 2345 rerum
1449 2305 1583 2344 status
1619 2306 1683 2345 est

274 2413 303 2456 1)
327 2411 461 2448 Aesch.
488 2410 613 2457 Suppl.
640 2412 720 2455 604,
745 2412 825 2447 621.
851 2410 912 2447 Or.
939 2411 1044 2447 1025.
1073 2432 1116 2438 —
1140 2411 1171 2457 2)
1195 2411 1283 2447 Eur.
1310 2410 1435 2457 Suppl.
1460 2411 1541 2447 481.

274 2470 306 2518 ³)
331 2470 392 2506 Or.
418 2471 487 2507 756
511 2472 547 2506 et
571 2467 813 2515 passim-4)
848 2469 898 2505 id.
933 2469 1117 2517 766.-⁵)
1142 2470 1193 2506 id.
1220 2471 1299 2506 758.
1326 2490 1373 2496 —
1395 2469 1426 2515 ⁶)
1450 2469 1576 2516 Suppl.
1602 2470 1681 2507 516.

275 2529 306 2577 ⁷)
331 2529 382 2566 id.
407 2529 488 2565 518.

274 2590 307 2636 ⁸)
333 2591 384 2627 id.
410 2592 498 2628 601.-
523 2585 648 2640 δήμου
668 2591 907 2640 ψηφίσματα,
934 2591 1020 2627 643;
1048 2589 1182 2641 ψῆφον
1204 2592 1390 2639 τίθεσθαι,
1419 2592 1456 2628 et
1480 2591 1628 2637 passim.

274 2651 306 2698 ⁹)
330 2649 402 2697 Ag.
427 2650 495 2686 845
519 2658 598 2696 sqq.
623 2668 671 2676 —
693 2653 738 2693 10)
763 2649 853 2685 Eur.
877 2648 1004 2696 Suppl.
1029 2651 1097 2686 403
1122 2660 1200 2698 sqq.
