2080 3314
911 348 992 391 105

170 492 172 494 ·
226 477 516 536 giatoremque
556 477 857 521 contumeliose
898 480 1119 537 vocantem
1147 474 1194 531 ¹).
1254 475 1460 533 Orphicos
1502 477 1545 518 et
1591 473 1676 531 Py-

226 565 478 623 thagoraeos
518 581 644 609 carne
685 569 728 609 et
769 565 896 609 caede
937 565 1189 609 animalium
1219 564 1473 608 abstinuisse
1504 562 1675 619 Euripi-

225 655 299 699 des
329 655 512 717 ostendit
541 669 637 697 cum
667 654 713 696 in
744 654 969 712 Hippolyti
1003 669 1184 711 persona
1201 652 1235 708 2)
1266 658 1358 696 tum
1374 653 1419 695 in
1435 653 1674 709 fragmento

225 743 407 801 quodam
438 742 512 786 ubi
542 743 778 786 accuratius
808 743 978 785 illorum
1008 757 1146 786 mores
1177 741 1377 785 describit
1396 739 1441 795 ³).

283 918 505 969 Quomodo
545 918 826 976 Orphicorum
868 919 1132 975 aliorumque
1172 917 1457 960 divinatio
1498 917 1543 958 in
1580 931 1677 959 con·

225 1011 435 1066 temptum
466 1008 633 1051 venerit
662 1007 789 1049 huius
821 1008 923 1050 artis
954 1022 1200 1065 progressus
1231 1007 1394 1050 docent.
1426 1004 1556 1063 Apud
1585 1003 1676 1047 Ho-

224 1110 390 1139 merum
431 1093 614 1151 μάντεις,
657 1096 814 1153 quippe
855 1096 927 1153 qui
958 1095 1163 1138 divinitus
1194 1096 1351 1150 furant,
1382 1094 1572 1137 maximo
1601 1092 1676 1135 ho-

226 1197 329 1226 nore
373 1183 585 1226 fruuntur.
634 1184 725 1227 Nec
769 1184 926 1225 mirum
972 1187 1048 1238 est,
1091 1198 1222 1240 quum
1264 1197 1406 1226 rerum
1436 1182 1676 1224 futurarum

225 1271 453 1329 caliginem
469 1272 673 1330 dissipare
684 1272 926 1316 hominibus
942 1273 1190 1316 viderentur
1200 1273 1344 1316 divino
1360 1272 1513 1329 spiritu
1529 1272 1676 1326 afflati,

225 1358 427 1416 nullaque
458 1373 506 1402 re
533 1359 615 1401 nisi
646 1360 790 1402 avium
820 1361 966 1403 volatu
997 1360 1143 1403 adiuti.
1175 1360 1343 1403 Posteri
1373 1375 1474 1403 vero
1489 1359 1680 1403 humana

225 1445 382 1489 divinis
438 1447 663 1506 miscentes
707 1447 789 1505 ipsi
829 1448 1001 1491 modum
1047 1449 1360 1505 excogitabant,
1408 1463 1490 1505 quo
1534 1445 1589 1489 τοὶ
1633 1436 1696 1488 ἐν

224 1531 401 1587 γούνασι
430 1535 548 1576 θεῶν
576 1537 750 1588 κείμενα
780 1535 1093 1579 sciscitarentur
1122 1536 1334 1594 vulgoque
1349 1535 1681 1592 interpretaren-

224 1624 308 1677 tur,
349 1636 432 1679 quo
471 1626 616 1665 tamen
657 1623 815 1666 factum
853 1627 916 1666 est
956 1627 1004 1665 ut
1045 1624 1186 1667 avaris
1217 1624 1387 1667 vatibus
1418 1624 1489 1666 via
1518 1623 1679 1666 fraudis

223 1709 436 1767 patefacta
473 1710 528 1752 sit
568 1714 610 1754 et
651 1712 827 1769 proinde
869 1712 1012 1755 omnia
1051 1713 1097 1754 in
1137 1712 1314 1755 dubium
1355 1715 1557 1755 vocarent
1600 1711 1679 1754 im·

225 1798 364 1856 periti.

283 1885 414 1944 Apud
442 1886 682 1931 Homerum
712 1889 833 1932 nulla
863 1892 978 1932 certa
1009 1889 1191 1946 vestigia
1222 1891 1406 1943 exstant,
1426 1902 1534 1949 quae
1558 1888 1680 1931 nobis

225 1974 480 2032 persuadere
525 1977 687 2033 possint
732 1977 1002 2034 extispicium
1044 1981 1086 2020 et
1131 1977 1438 2020 divinationem
1485 1990 1541 2019 ex
1580 1976 1681 2032 igne

225 2062 311 2105 iam
356 2062 403 2105 in
447 2077 527 2105 usu
567 2067 669 2106 tunc
704 2063 847 2107 fuisse.
891 2063 986 2107 Scio
1017 2064 1188 2121 quidem
1220 2063 1476 2107 Scholiastas
1506 2063 1678 2106 docere:

197 2175 200 2179 -
225 2147 357 2206 ἱερεῖς,
397 2149 440 2192 οἱ
472 2148 543 2192 διαὶ
584 2149 848 2205 σπλάγχνων
878 2149 1189 2206 μαντευόμενοι
1221 2155 1263 2195 et
1292 2149 1510 2203 θυοσκόοι,
1541 2149 1583 2192 οἶ
1610 2149 1684 2192 διὰ

225 2241 312 2279 τῶν
343 2237 705 2292 ἐπιθυμιωμένων
736 2237 1062 2296 μαντευόμενοι,
1090 2240 1164 2283 sed
1194 2240 1470 2297 argumentis,
1503 2255 1526 2283 e
1556 2243 1682 2297 poeta

227 2325 318 2382 ipso
348 2325 506 2382 petitis,
536 2326 932 2384 interpretationem
963 2328 1111 2371 fulcire
1142 2331 1373 2386 nequeunt.
1421 2328 1532 2371 Rem
1562 2342 1680 2385 mag-

227 2427 328 2456 nam
359 2414 428 2456 vel
458 2414 738 2471 periculosam
769 2416 1004 2473 suscepturi
1035 2431 1162 2474 saepe
1190 2416 1341 2460 heroes
1371 2431 1491 2459 sacra
1521 2417 1681 2460 faciunt

227 2505 276 2545 ut
315 2501 490 2545 deorum
531 2502 719 2546 favorem
759 2503 839 2546 sibi
880 2505 1104 2548 concilient
1143 2505 1218 2548 sed
1257 2519 1490 2563 numquam
1530 2509 1578 2548 ut
1618 2506 1680 2549 rei

273 2690 301 2736 ¹)
327 2690 438 2737 Hipp.
465 2690 567 2726 1038.
595 2710 636 2716 —
663 2690 692 2737 ²)
718 2690 768 2726 id.
794 2692 873 2728 952.
901 2712 941 2718 —
970 2691 999 2739 ³)
1025 2691 1115 2728 Eur.
1139 2692 1288 2739 Fragm.
1318 2693 1398 2730 475.
