2080 3314
716 792 1032 836 CAPUT
1110 792 1189 835 IV.

518 1004 576 1035 DE
605 1004 961 1035 ETHNOGRAPHIA
990 1004 1046 1039 ET
1078 1001 1381 1035 GEOGRAPHIA.

286 1375 608 1433 Antiquissimis
654 1376 913 1433 temporibus
945 1375 1110 1429 Graeci,
1153 1373 1360 1431 imprimis
1391 1373 1681 1416 continentem

228 1464 484 1519 habitantes,
507 1478 687 1521 ,perraro
717 1464 798 1521 ipsi
829 1463 1163 1521 peregrinantes,
1181 1462 1382 1516 nondum,
1405 1465 1452 1503 ut
1469 1460 1686 1504 nonnullis

230 1552 408 1595 saeculis
451 1555 559 1609 post,
607 1549 763 1594 nautae
809 1551 935 1608 periti
983 1555 1026 1593 et
1055 1551 1197 1592 minus
1238 1549 1495 1606 frequentati
1526 1549 1580 1591 ab
1611 1563 1686 1590 ex-

230 1639 344 1694 teris,
382 1653 562 1700 parvum
592 1642 732 1681 terrae
763 1639 970 1694 angulum
1002 1641 1169 1680 tantum
1201 1640 1490 1692 cognoverunt
1520 1649 1685 1678 eorum-

231 1742 313 1785 que
353 1727 482 1770 totius
527 1726 640 1769 orbis
687 1730 897 1769 terrarum
946 1725 1130 1782 cognitio
1178 1725 1336 1781 exigua
1376 1739 1453 1766 nec
1494 1727 1690 1766 accurata

231 1819 323 1859 erat
353 1830 498 1859 eorum
530 1829 637 1872 quae
669 1818 824 1858 norant
855 1814 1046 1858 scientia.

291 1902 433 1952 Quare
474 1902 588 1944 omni
630 1916 766 1959 paene
798 1905 1036 1945 commeatu
1067 1900 1281 1943 destitutis
1312 1899 1689 1956 communibusque

233 1989 460 2033 commodis
499 1990 741 2032 carentibus
764 1990 890 2031 unius
914 1989 1053 2045 gentis
1072 1988 1186 2030 notio
1205 2001 1444 2043 nomenque
1461 1987 1513 2028 iis
1530 1986 1688 2029 deerat.

292 2077 494 2120 Hellas
524 2077 731 2134 principio
762 2077 938 2120 fortasse
969 2081 1136 2121 tantum
1168 2075 1416 2118 Thessaliae
1440 2075 1590 2118 urbem
1608 2075 1692 2131 sig-

235 2166 436 2210 nificabat
452 2166 498 2222 1);
531 2166 710 2210 Homeri
742 2171 884 2209 autem
916 2170 1056 2209 aetate
1087 2165 1318 2208 secundum
1342 2162 1639 2206 Aristarchum
1657 2158 1691 2216 2)

235 2254 514 2309 Thessaliam,
554 2255 784 2298 secundum
816 2254 1070 2297 recentiores
1108 2254 1360 2310 interpretes
1378 2251 1412 2306 3)
1443 2250 1692 2294 Thessaliae

236 2341 515 2386 meridianam
555 2346 719 2398 partem
760 2341 873 2383 inter
904 2339 1096 2398 Asopum
1128 2345 1170 2383 et
1202 2340 1429 2396 Enipeum,
1478 2338 1596 2381 cuius
1627 2353 1693 2380 re-

237 2430 375 2487 gionis
415 2444 510 2472 cum
551 2429 712 2472 Phthia
752 2429 999 2472 coniunctae
1040 2443 1118 2471 rex
1162 2428 1317 2471 Peleus
1349 2431 1453 2470 erat.
1486 2426 1693 2470 Hellenes

286 2631 317 2677 1)
343 2630 476 2666 Strabo
500 2630 563 2671 1x,
589 2632 621 2666 5.
637 2633 668 2666 6.
684 2641 765 2675 pag.
778 2632 845 2665 431
861 2641 912 2675 sq.
926 2650 971 2655 —
984 2630 1014 2675 2)
1030 2629 1144 2665 Lehrs
1156 2629 1271 2664 Arist.
1285 2628 1390 2664 Stud.
1402 2627 1603 2673 Hompag.
1614 2627 1693 2662 233.

286 2693 319 2738 3)
343 2692 437 2730 Vide
462 2691 562 2740 apud
589 2692 630 2727 E.
658 2692 698 2727 E.
724 2692 840 2729 Seiler
864 2692 1044 2728 Homerus
1061 2691 1137 2727 und
1156 2690 1212 2728 die
1227 2690 1447 2728 Homeriden
1458 2690 1481 2725 i.
1498 2702 1529 2725 v.
1554 2689 1694 2735 Ἑλλάς.
