2080 3314
1132 359 1185 398 96

443 484 485 523 et
513 484 588 523 tua
616 480 792 523 civitas”
815 481 845 536 ¹)
876 484 918 523 et
930 481 1098 538 planius
1114 480 1291 538 Aethra,
1311 483 1443 526 filium
1461 483 1689 529 adhortans
1705 488 1753 529 ut
1767 499 1876 539 mor-

440 567 524 609 tuis
563 570 605 609 et
634 561 799 610 miseris
828 568 1076 611 mulieribus
1106 583 1228 626 opem
1258 569 1378 626 ferat,
1411 570 1511 614 dicit
1545 572 1783 627 „deridetur
1802 575 1890 616 tua.

439 653 577 710 patria
615 657 832 712 tamquam
872 654 1130 713 imprudens,
1162 656 1235 699 sed
1269 660 1436 700 torvum
1470 659 1645 717 adspicit
1674 660 1879 705 derisores

440 755 548 797 suos,
594 756 693 784 nam
738 742 783 784 in
828 742 1041 785 laboribus
1102 743 1276 786 crescit”
1311 743 1358 799 2).
1406 745 1515 789 Item
1561 747 1627 789 vir
1670 747 1876 804 pessimus

439 826 626 885 Oopreus
669 829 960 886 patrocinium,
992 830 1046 873 ab
1076 830 1313 874 Heraclidis
1353 836 1560 889 rogatum,
1591 833 1876 892 Demophonti

439 918 482 957 et
519 913 707 958 Atticam
746 916 1082 960 inhabitantibus
1107 918 1321 961 dissuadet
1354 933 1423 975 ne,
1455 934 1584 977 quum
1613 920 1774 978 possint
1803 934 1875 978 po-

437 1003 636 1047 tentiores
677 1004 830 1047 amicos
870 1005 951 1047 sibi
992 1005 1236 1061 adiungere,
1278 1020 1394 1049 more
1435 1021 1508 1050 suo
1537 1007 1730 1051 imbelles
1761 1020 1874 1050 assu-

436 1094 555 1132 mant
584 1089 630 1144 3).
672 1090 793 1134 Haec
833 1092 1056 1134 clementia
1100 1106 1155 1134 an
1200 1092 1405 1135 calliditas
1450 1094 1621 1150 politica
1664 1094 1710 1136 in
1745 1093 1879 1151 pluri--

435 1177 515 1219 mis
561 1177 714 1220 fabulis
759 1183 1101 1236 repraesentatur
1147 1183 1189 1222 et
1234 1181 1562 1224 commendatur.
1619 1181 1874 1225 Heraclidae

436 1264 626 1320 tutelam,
669 1264 839 1322 Septem
875 1266 938 1307 illi
969 1266 1204 1323 exsequiaS,
1237 1267 1390 1310 Medea
1417 1268 1670 1325 perfugium,
1703 1267 1874 1311 Orestes

437 1350 755 1407 absolutionem,
789 1352 975 1410 Oedipus
1006 1353 1190 1410 quietem
1220 1352 1403 1397 Athenis
1433 1355 1662 1412 reperiunt.

406 1479 419 1485 .,
493 1439 632 1481 Etiam
675 1440 847 1496 quinam
891 1439 1218 1491 Atheniensium
1265 1442 1445 1484 civitatis
1493 1443 1591 1485 socii
1642 1446 1684 1485 et
1733 1442 1874 1485 hostes

434 1526 592 1568 fuerint
606 1526 847 1582 tragoediae
863 1541 938 1569 nos
955 1527 1116 1570 docent.
1148 1527 1313 1570 Foedus
1333 1528 1487 1570 initum
1508 1529 1619 1572 inter
1636 1527 1873 1572 Athenien-

435 1630 500 1658 ses
546 1620 587 1658 et
631 1615 815 1672 Argivos
862 1615 927 1658 Ol.
974 1616 1160 1672 LXXX,
1209 1619 1233 1659 3
1255 1615 1302 1671 4),
1345 1615 1582 1674 Aeschylus
1618 1618 1664 1660 in
1696 1617 1874 1661 Orestea

434 1703 673 1745 celebravit.
717 1702 887 1746 Orestes
926 1703 1016 1760 ipse
1051 1702 1239 1762 Argivus
1269 1703 1394 1746 fidem
1426 1708 1467 1746 et
1497 1708 1713 1747 aeternam
1743 1701 1872 1759 Argi-

433 1789 582 1832 vorum
626 1790 852 1832 amicitiam
882 1790 1114 1845 Minervae,
1160 1789 1487 1833 Atheniensium
1538 1790 1642 1833 deae
1686 1789 1871 1844 tutelari,
1919 1804 1920 1807 ¹

433 1877 549 1919 cuius
589 1878 797 1920 auxilium
836 1877 1046 1933 implorat,
1089 1877 1310 1933 pollicetur
1327 1875 1376 1931 ⁵),
1419 1891 1527 1934 quae
1569 1876 1775 1933 promissa
1794 1890 1872 1933 pro

432 1965 584 2007 cliente
615 1979 688 2007 suo
726 1964 779 2006 ab
825 1962 1027 2020 Apolline
1058 1963 1237 2019 repetita
1259 1962 1306 2018 ὅ),
1354 1964 1446 2006 iure
1485 1963 1662 2006 iurando
1701 1962 1872 2005 Orestes

432 2052 650 2094 confirmat
668 2050 713 2105 ⁷).
760 2050 812 2092 In
844 2049 1003 2106 Oedipo
1034 2048 1243 2092 Colonaeo
1288 2064 1452 2106 quoque
1491 2048 1752 2105 Argivorum
1793 2063 1872 2091 rex

432 2138 658 2181 amicitiam
713 2141 755 2180 et
810 2137 1051 2179 societatem
1100 2136 1233 2191 affert,
1281 2136 1527 2178 inimicitiae
1573 2139 1717 2178 contra
1761 2135 1872 2178 inter

431 2225 655 2268 Thebanos
696 2228 737 2267 et
776 2223 1060 2266 Athenienses
1091 2223 1259 2265 fabulae
1291 2223 1530 2279 argumenti
1560 2222 1746 2265 efficiunt
1775 2236 1870 2278 par-

430 2315 516 2354 tem
571 2312 759 2368 aliasque
815 2311 977 2353 futuras
1019 2309 1204 2367 Oedipus
1245 2299 1503 2352 'vaticinatur
1523 2309 1569 2364 ⁸).
1616 2309 1764 2363 Nemo,
1802 2307 1869 2349 his

430 2399 583 2441 fabulis
619 2398 751 2453 lectis,
784 2398 948 2440 dubitat
979 2397 1081 2454 quin
1111 2397 1165 2440 ad
1193 2397 1449 2453 respublicas
1479 2399 1667 2453 spectent
1696 2398 1740 2438 et
1768 2393 1868 2451 quid

481 2558 505 2602 ¹)
531 2559 618 2594 Eur.
643 2553 770 2604 Suppl.¹
796 2559 875 2594 576.
900 2578 944 2584 —
968 2557 995 2604 ²)
1021 2557 1073 2594 id.
1100 2558 1166 2592 321
1192 2568 1269 2602 sqq.
1293 2577 1338 2583 —
1359 2557 1386 2600 ⁸)
1410 2555 1552 2592 Heracl.
1579 2556 1645 2592 176
1669 2565 1745 2600 sqq.

475 2616 502 2660 4)
527 2617 633 2652 Diod.
651 2616 720 2652 sie.
737 2616 869 2661 X1‚so.
892 2634 939 2665 ε-
965 2615 992 2661 ⁵)
1017 2615 1121 2651 Eum.
1146 2616 1225 2650 289.
1250 2635 1296 2641 -
1321 2615 1348 2659 ο)
1373 2614 1422 2650 id.
1447 2615 1527 2651 669.

475 2676 502 2722 7)
529 2674 578 2712 id.
606 2676 685 2711 762.
708 2663 755 2701 ’-
777 2675 805 2719 8)
833 2673 872 2710 0.
898 2673 936 2709 o.
961 2674 1039 2710 605.
