2080 3314
1134 388 1191 433 64

445 516 573 560 fuisse
604 514 727 559 facile
757 514 1021 572 intelligitur.
1082 516 1264 574 Ampiae
1293 521 1436 560 tamen
1452 520 1712 561 mercaturae
1727 515 1882 562 indicia

445 606 579 646 multa
610 605 720 661 apud
750 605 930 660 tragicos
947 619 1036 647 sese
1054 605 1245 647 offerunt.
1275 606 1342 648 Ita
1359 606 1720 662 frequentissimae
1736 605 1880 663 impri-

445 692 525 732 mis
556 695 653 732 sunt
683 691 955 747 metaphorae
986 705 1008 733 e
1038 705 1084 733 re
1114 692 1257 734 navali
1286 693 1457 748 petitae,
1489 697 1536 734 ut
1566 693 1707 735 statim
1725 692 1881 735 sentias

445 778 632 819 fabulam
677 777 723 818 in
764 792 933 819 scenam
973 778 1217 834 productam
1248 779 1359 835 apud
1387 780 1588 835 populum
1619 780 1880 836 navigationi

444 864 680 906 maritimae
710 864 933 906 intentum.
966 864 1126 906 Multus
1157 868 1219 907 est
1251 865 1475 921 Sophocles
1491 866 1536 907 in
1552 865 1880 909 Atheniensium

445 951 728 1006 navigationis
774 951 969 992 laudibus
989 948 1043 1006 1);
1091 951 1314 1007 Neptunus
1373 952 1503 1007 igitur
1547 952 1650 994 deus
1690 953 1880 995 marinus

443 1038 554 1094 apud
599 1052 668 1080 eos
713 1038 759 1079 in
788 1038 946 1080 honore
977 1042 1039 1079 est
1056 1035 1101 1091 Z).
1163 1038 1390 1080 Praeterea
1420 1039 1554 1080 multa
1582 1043 1870 1081 memorantur

445 1139 470 1166 a
500 1125 682 1180 tragicis,
715 1139 822 1180 quae
853 1124 1154 1180 antiquissimis
1184 1124 1441 1181 temporibus
1472 1125 1681 1168 exstitisse
1712 1140 1797 1168 non
1812 1127 1875 1168 in-

445 1212 554 1253 fitias
599 1212 660 1253 ire
707 1211 900 1265 conabor,
933 1211 1006 1252 sed
1046 1210 1125 1253 hac
1155 1225 1318 1267 quoque
1349 1211 1394 1252 in
1423 1225 1469 1253 re
1499 1212 1732 1255 recentiora
1760 1226 1879 1254 usur-

444 1303 598 1354 pantur
635 1299 736 1341 artis
766 1299 983 1352 vocabula,
1016 1312 1122 1354 quae
1153 1298 1307 1340 frustra
1337 1298 1449 1354 apud
1478 1298 1713 1341 Homerum
1754 1313 1880 1356 quae-

444 1399 570 1428 reres.
631 1385 764 1427 Plura
808 1385 984 1426 navium
1026 1398 1195 1439 genera,
1228 1398 1404 1440 quorum
1435 1385 1606 1426 nomina
1635 1386 1783 1428 saltem
1815 1400 1880 1428 re-

445 1471 639 1514 centioris
671 1470 820 1512 aetatis
851 1474 960 1524 sunt,
992 1470 1038 1511 in
1068 1470 1292 1525 tragoediis
1323 1474 1556 1525 occurrunt,
1589 1475 1636 1512 ut
1671 1471 1792 1513 navis
1814 1471 1880 1514 ac-

445 1558 583 1600 tuaria
627 1557 935 1612 quinquaginta
979 1570 1190 1598 remorum
1236 1554 1578 1612 (πεντηκόντορος
1596 1557 1643 1611 3),
1676 1561 1718 1600 et
1747 1572 1878 1600 naves

444 1644 674 1697 onerariae,
709 1657 815 1698 quae
861 1642 960 1683 fune
1005 1642 1231 1684 trahuntur
1271 1641 1509 1696 (ὁλκάδες4)
1551 1643 1742 1699 aliaeque
1772 1658 1879 1700 quae

445 1729 595 1773 ἄκοιτοι
611 1729 642 1783 ’3)
680 1729 958 1785 appellantur,
989 1742 1112 1784 porro
1143 1728 1382 1784 scaphulae,
1415 1743 1521 1785 quae
1551 1730 1652 1772 resti
1681 1744 1819 1773 nexae
1855 1745 1879 1773 e

443 1818 600 1860 maiore
645 1816 816 1871 navigio
861 1815 1069 1857 ducuntur
1115 1813 1348 1869 (ἐφολκίδες
1370 1815 1415 1870 6),
1455 1816 1604 1861 deinde
1653 1815 1820 1872 βάριδες
1846 1811 1878 1870 ῑ)

445 1919 526 1961 quo
556 1904 725 1946 nomine
755 1903 922 1959 proprie
951 1916 1081 1944 naves
1110 1900 1411 1958 Aegyptiacae,
1444 1917 1568 1959 saepe
1593 1907 1736 1946 tamen
1752 1918 1878 1960 quae-

445 1992 508 2034 vis
554 1991 675 2033 navis
719 1990 901 2033 barbara
945 1991 1216 2046 significatur.
1269 1990 1387 2032 Idem
1433 1990 1547 2032 valet
1591 1990 1642 2032 de
1687 1990 1880 2047 plurimis

446 2080 620 2121 navium
676 2079 879 2135 partibus,
937 2094 1039 2134 quas
1083 2059 1227 2121 tamen
1273 2083 1319 2120 ut
1364 2078 1533 2120 levioris
1577 2079 1779 2121 momenti
1825 2079 1879 2120 si-

446 2166 575 2208 lentio
636 2166 926 2222 praeterimus.
1005 2165 1152 2207 Obiter
1218 2170 1382 2208 tantum
1448 2179 1597 2207 moneo
1643 2165 1878 2207 Homerum

495 2366 523 2411 1)
550 2365 590 2399 Ο.
615 2364 650 2398 C.
678 2366 739 2399 711
769 2375 845 2409 sqq.
870 2363 914 2398 cf.
942 2362 1039 2398 Med.
1064 2365 1142 2398 830.
1168 2384 1211 2387 —
1237 2366 1267 2407 2)
1293 2363 1332 2397 Ο.
1358 2363 1394 2397 C.
1422 2365 1510 2398 1072
1535 2374 1612 2409 sqq.

492 2425 522 2469 3)
549 2424 627 2458 Hel.
658 2425 755 2461 1412,
784 2425 884 2467 1531,
910 2422 936 2457 Ι.
963 2423 1003 2456 Τ.
1032 2424 1129 2456 1124.
1155 2442 1199 2448 —
1223 2421 1252 2467 4)
1281 2422 1375 2467 Cyol.
1403 2424 1480 2456 505.

493 2485 521 2524 ὕ)
548 2482 634 2516 Hec.
661 2483 739 2524 446,
765 2481 824 2515 Or.
850 2481 929 2520 342,
956 2480 1085 2514 Troad.
1123 2482 1219 2515 1100.
1252 2500 1254 2502 -

494 2545 522 2586 6)
548 2543 655 2578 Herc.
680 2543 750 2578 fur.
776 2543 856 2585 631,
887 2543 985 2585 1424,
1011 2542 1089 2577 Hel.
1115 2544 1182 2576 200
1208 2541 1252 2576 cf.
1280 2542 1398 2576 Schol.
1423 2541 1487 2577 Ar.
1508 2540 1877 2590 Vesp.268:.÷‹poaxz;

1359 2603 1545 2616 ttttt

448 2666 599 2716 κομένη.
622 2683 665 2689 -·
690 2663 719 2710 7)
746 2662 874 2698 Aesoh.
902 2661 1025 2707 Suppl.
1050 2663 1128 2704 816,
1153 2661 1180 2698 1.
1207 2661 1251 2697 A.
1275 2663 1354 2698 297.
