2080 3314
803 761 1123 806 CAPUT
1198 762 1232 804 I.

732 960 804 990 DE
850 959 922 990 RE
970 959 1298 991 MILITARI.

345 1353 408 1397 Ut
437 1353 489 1396 de
518 1352 712 1410 plurimis
742 1352 930 1395 moribus
960 1352 1249 1408 institutisque
1265 1351 1462 1393 dubitare
1489 1350 1615 1393 nobis
1630 1349 1741 1405 licet,

285 1444 429 1484 utrum
458 1439 628 1483 heroica
658 1442 796 1482 aetate
826 1439 872 1481 in
902 1453 982 1480 usu
1012 1438 1171 1481 fuerint
1201 1452 1347 1492 necne,
1378 1437 1440 1480 ita
1461 1437 1604 1480 omnia
1626 1440 1743 1480 certe

285 1542 394 1586 quae
424 1526 478 1570 ad
507 1541 597 1570 rem
627 1527 854 1569 militarem
886 1527 1139 1583 pertineant,
1172 1525 1410 1568 Homerum
1440 1524 1605 1581 copiose
1627 1527 1743 1567 trac-

284 1618 396 1658 tasse
435 1628 560 1657 nemo
600 1613 786 1670 negabit.
820 1612 962 1662 Quare
992 1614 1028 1655 si
1064 1613 1214 1669 tragici
1244 1627 1416 1669 operam
1446 1611 1660 1654 dedissent
1695 1616 1744 1653 ut

285 1706 472 1747 remotae
501 1702 768 1759 antiquitatis
798 1702 980 1744 colorem
1010 1701 1238 1757 tragoediis
1269 1701 1355 1742 suis
1384 1700 1634 1743 inducerent
1661 1699 1743 1742 hoc

285 1790 470 1849 profecto
499 1790 545 1832 in
574 1789 697 1832 bellis
727 1788 981 1846 proeliisque
1011 1787 1296 1831 describendis
1326 1802 1411 1830 non
1438 1787 1607 1830 difficile
1635 1787 1740 1829 fuis-

286 1881 363 1921 set.
404 1876 707 1920 Nihilomimus
748 1875 1072 1919 consuetudines
1113 1875 1293 1918 Homeri
1333 1875 1608 1918 bellatoribus
1644 1888 1739 1931 pro-

286 1964 405 2022 priae
434 1978 530 2008 raro
560 1964 615 2007 ab
644 1964 697 2006 iis
728 1967 1032 2006 memorantur.

277 2071 281 2074 ⁵
345 2052 398 2094 In
427 2052 682 2095 exercitibus
711 2051 823 2108 apud
849 2051 1031 2107 tragicos
1052 2053 1275 2093 occurrunt
1303 2047 1473 2089 ὁπλῖται
1513 2047 1553 2099 ι),
1580 2046 1743 2089 πελτα-

289 2142 389 2182 σταί
399 2138 447 2194 ²),
488 2139 560 2196 qui
600 2141 754 2192 γυμνοί
782 2138 813 2194 3)
869 2142 942 2181 aut
972 2143 1177 2194 γυμνῆτες
1197 2137 1231 2192 ⁴¹)
1273 2151 1438 2194 quoque
1468 2137 1665 2180 dicuntur
1696 2140 1739 2179 et

288 2227 485 2285 equites
505 2226 552 2280 ⁵).
595 2227 665 2269 Illi
703 2227 781 2268 sub
822 2226 916 2269 aliis
947 2227 1188 2269 nominibus
1219 2225 1331 2282 apud
1361 2224 1600 2267 Homerum
1631 2238 1742 2280 pug—

287 2319 406 2369 nant,
447 2314 492 2356 hi
529 2328 707 2371 prorsus.
727 2314 894 2369 desunt,
927 2313 1038 2371 quod
1069 2313 1200 2356 critici
1232 2312 1517 2356 Alexandrini
1547 2312 1634 2354 iam
1666 2311 1740 2354 ob-

284 2481 287 2485 ·
346 2505 372 2552 ¹.)
397 2505 532 2541 Phoen.
560 2506 661 2548 1096,
689 2505 790 2547 1190,
838 2504 954 2539 Andr.
981 2505 1059 2547 760,
1085 2503 1230 2538 Heracl.
1257 2503 1338 2544 699,
1365 2502 1446 2537 729.

338 2563 366 2609 ²)
391 2563 525 2598 Bacch.
552 2564 630 2598 781.
657 2583 701 2588 —
725 2562 754 2607 ³)
783 2563 928 2598 Heracl.
954 2564 1033 2597 724.
1060 2582 1101 2587 —
1129 2563 1157 2604 ⁴)
1186 2561 1320 2596 Phoen.
1348 2562 1448 2603 1147,
1473 2559 1749 2603 Rhes.31‚313.

342 2621 371 2668 ³)
396 2621 485 2657 Eur.
511 2621 637 2667 Suppl.
663 2622 744 2662 660,
770 2622 850 2657 680.
