2080 3314
982 341 1036 383 45

247 488 250 490 ·
283 479 328 509 se
372 465 561 509 Palladis
592 466 742 510 urbem
775 472 817 511 et
849 470 1050 526 populum
1089 474 1312 513 aucturum
1334 469 1378 525 ¹),
1412 475 1486 514 aut
1516 468 1738 514 Minervae

285 554 542 610 praedicatio
573 559 740 613 tempus
771 556 998 613 insequens
1030 558 1234 600 maiorem
1267 558 1470 601 honorem
1501 558 1739 601 Athenien-

285 641 401 683 sibus
442 642 672 685 allaturum
714 658 806 686 esse
829 640 875 698 2).
919 644 1078 688 Audite
1119 660 1243 702 porro
1283 646 1410 688 huius
1447 646 1552 689 deae
1592 646 1739 702 depre-

285 729 492 772 cationem
534 745 588 773 ne
626 730 783 774 Furiae
814 731 1002 775 Atticam
1036 737 1194 775 terram
1225 733 1408 788 laedant,
1438 748 1574 790 neque
1604 733 1739 775 iratae

284 816 552 860 sterilitatem
584 818 697 874 agris
728 819 962 861 immittant
978 819 1025 874 3),
1058 820 1211 863 deinde
1239 820 1393 863 Furias
1410 820 1689 863 vaticinantes
1704 820 1738 874 4)

286 917 485 959 agrorum
542 905 793 960 ubertatem,
849 906 1057 963 pecudum
1105 907 1420 961 fecunditatem,
1467 907 1638 950 divitias
1683 922 1739 950 ex

284 992 469 1034 metallis
512 996 646 1047 natas,
689 993 951 1036 concordiam
992 994 1104 1037 inter
1145 995 1270 1048 cives,
1314 995 1547 1049 victoriam,
1589 1010 1737 1051 pacem

286 1082 328 1120 et
368 1083 579 1136 postremo
615 1094 762 1122 earum
792 1096 939 1137 preces
972 1086 1014 1124 et
1046 1086 1146 1124 vota
1177 1082 1222 1124 in
1254 1086 1341 1124 toto
1371 1082 1573 1124 dramatis
1604 1083 1737 1138 exitu,

285 1181 394 1223 quae
434 1167 640 1224 promissa
680 1172 722 1209 et
758 1168 959 1210 vaticinia
990 1169 1133 1211 omnia
1163 1169 1343 1211 fideliter
1374 1173 1544 1212 servata
1575 1174 1617 1212 et
1646 1174 1740 1213 rata

286 1253 398 1296 facta
427 1254 513 1296 iam
546 1254 748 1297 videbant
777 1259 1045 1312 spectatores.

344 1341 541 1384 Minerva
571 1342 734 1397 urbem,
762 1357 788 1384 a
804 1343 975 1386 nomine
993 1358 1068 1386 suo
1085 1345 1345 1401 appellatam
1362 1345 1409 1399 5),
1435 1345 1554 1387 cuius
1571 1345 1743 1388 domina

287 1432 330 1471 et
376 1433 514 1472 custos
560 1434 624 1472 est
657 1429 703 1484 ὅ),
753 1435 881 1486 amat,
933 1435 1091 1486 tuetur,
1140 1432 1333 1487 honorat,
1381 1433 1494 1475 unde
1542 1432 1741 1477 Athenae

286 1531 431 1560 sacrae
447 1515 494 1572 ⁷),
528 1522 699 1560 sanctae
717 1518 763 1572 ὃ),
797 1518 967 1561 divinae
984 1516 1031 1573 ⁹),
1065 1520 1372 1576 religiossimae
1391 1521 1439 1574 ¹⁰)
1471 1520 1682 1563 dicuntur.

345 1606 471 1648 Hanc
501 1606 624 1648 deam
655 1606 843 1649 maxime
874 1606 1059 1649 Athenis
1090 1608 1247 1650 cultam
1279 1608 1409 1650 fuisse
1440 1613 1645 1665 perpetuo
1669 1623 1741 1651 au-

286 1692 437 1735 dimus.
454 1695 562 1750 Νίκη
573 1690 761 1744 Ἀθάνα,
781 1693 922 1736 addito
939 1694 1153 1737 interdum
1168 1693 1341 1750 Πολιάς,
1355 1695 1552 1738 Minerva
1564 1696 1743 1738 subinde

287 1780 406 1824 audit
423 1779 472 1835 ¹¹)
504 1781 617 1838 apud
647 1781 828 1837 tragicos
848 1782 895 1836 12)
927 1797 1060 1839 eoque
1090 1783 1262 1826 nomine
1288 1783 1334 1825 in
1351 1782 1550 1840 Acropoli
1572 1784 1742 1840 signum

287 1868 479 1924 ligneum
514 1868 553 1911 ei
585 1868 771 1911 dicatum
803 1869 932 1912 fuisse
966 1870 1176 1912 novimus.

347 1955 527 1998 Sunium
567 1956 902 2013 promontorium
944 1961 1195 2014 superantes
1227 1956 1499 2001 Athenarum
1530 1973 1669 2002 arcem
1702 1963 1744 2002 et

288 2042 522 2086 Athenae
553 2043 820 2086 Promachi
851 2044 1069 2100 ingentem
1087 2049 1273 2087 statuam
1292 2045 1341 2099 ¹3)
1373 2025 1518 2089 videre
1548 2050 1744 2103 poterant

292 2134 481 2174 vectores
512 2135 752 2188 nautaeque
783 2131 1009 2174 redeuntes
1042 2136 1084 2175 et
1102 2133 1213 2176 laeto
1231 2133 1373 2176 animo
1391 2134 1514 2176 deam
1533 2138 1576 2177 et
1592 2134 1742 2177 urbem

291 2217 477 2260 salutare
509 2219 702 2261 solebant
720 2217 783 2273 14).

347 2304 641 2348 Parthenon
671 2306 838 2349 disertis
860 2306 1001 2350 verbis
1013 2322 1098 2350 non
1110 2313 1373 2350 memoratur
1390 2308 1463 2351 sed
1481 2309 1744 2352 tabernaculi

336 2415 366 2463 ι)
380 2415 487 2451 Eum.
497 2417 574 2451 667.
586 2435 629 2440 -
642 2416 672 2461 2)
684 2415 732 2451 id.
744 2417 824 2451 85³.
839 2435 878 2441 -
896 2418 926 2461 3)
939 2416 988 2452 id.
1003 2419 1085 2461 800,
1100 2418 1180 2452 830.
1196 2439 1236 2444 -
1251 2418 1281 2462 4)
1295 2417 1344 2452 id.
1359 2419 1428 2452 938
1441 2429 1509 2463 sqq
1521 2417 1566 2453 cf.
1581 2420 1648 2455 947
1664 2430 1742 2463 sqq.

336 2475 364 2518 ⁵)
390 2473 431 2511 Ο.
456 2472 492 2509 C.
522 2475 587 2509 107
612 2485 664 2520 sq.
691 2476 764 2509 Ion.
791 2475 824 2510 9.
853 2495 896 2501 -
922 2475 952 2521 6)
979 2474 1122 2511 Heracl.
1153 2477 1231 2512 772.
1256 2496 1304 2502 —
1327 2476 1356 2521 ⁷)
1382 2475 1440 2511 Αἰ.
1470 2477 1572 2512 1221.

337 2536 365 2579 8)
389 2532 468 2570 Eur
506 2532 561 2569 El.
589 2534 690 2569 1320.
705 2553 752 2560 -—
769 2533 799 2574 ⁹)
814 2535 888 2571 Ion.
907 2535 983 2570 184.
1011 2555 1038 2561 ——
1059 2536 1103 2578 ¹0)
1119 2533 1161 2577 O,
1174 2534 1211 2571 C.
1225 2536 1305 2577 260,
1323 2537 1422 2572 1004.
1434 2554 1483 2562 -—
1496 2536 1540 2578 ¹¹)
1555 2534 1649 2572 Phil.
1667 2536 1744 2573 134.

326 2591 374 2638 ²⁹)
397 2593 475 2629 Ion.
506 2593 595 2628 1529
621 2591 667 2629 cf.
694 2591 829 2629 Phoen.
859 2594 959 2636 1372,
983 2592 1124 2630 Preller
1154 2592 1218 2631 Gr.
1246 2592 1400 2641 Mythol.
1427 2595 1456 2639 1,
1483 2594 1562 2632 171.

326 2653 372 2698 1³)
397 2650 487 2689 Eur.
511 2650 569 2690 Ex.
598 2653 701 2691 1254.
728 2671 768 2679 —
799 2652 847 2698 ι4)
873 2652 931 2690 Ai.
957 2654 1059 2691 1220.
