2080 3314
1038 357 1121 399 102

356 487 504 543 mystis
541 486 872 528 taciturnitatem
906 485 1161 542 imponebat.
1195 482 1228 539 1)
1273 485 1491 528 Interdum
1520 499 1620 527 vero
1650 488 1794 541 poetas

357 577 590 630 mystarum
621 587 811 615 sermone
841 573 886 614 in
916 587 1041 615 scena
1070 587 1165 614 usos
1196 587 1285 615 esse
1314 572 1370 627 id,
1389 572 1498 628 quod
1514 572 1565 614 de
1581 571 1794 628 Aeschylo

358 664 567 714 narratur,
610 659 785 716 prodere
830 660 1008 702 videtur.
1056 659 1140 702 Hic
1186 660 1299 702 enim
1348 660 1558 714 mysteriis
1602 659 1794 702 initiatus

358 747 607 804 quibusdam
637 747 804 800 fabulis,
823 745 857 800 2)
889 761 995 803 quae
1012 750 1192 788 aetatem
1209 761 1294 788 non
1308 747 1508 800 tulerunt,
1526 746 1629 789 talia
1644 746 1795 788 dicitur

357 834 591 876 intexuisse
607 837 655 875 ut
685 834 893 889 sacrilegii
923 837 1139 876 accusatus
1170 834 1245 882 vix
1275 833 1416 876 fratris
1438 832 1641 876 Aminiae
1657 832 1796 889 gratia

360 922 414 963 sit
445 921 673 963 absolutus.
706 919 741 974 3)

416 1093 653 1136 Levissima
697 1097 863 1136 tantum
908 1094 1064 1136 indicia
1108 1094 1344 1150 Dionysi
1385 1093 1570 1150 protervi
1610 1093 1796 1136 cultus

359 1184 489 1225 semel
530 1183 641 1240 apud
681 1183 916 1226 Homerum
951 1181 985 1237 4)
1015 1183 1268 1225 invenimus.
1315 1182 1443 1239 Apud
1472 1182 1652 1238 tragicos
1680 1196 1794 1236 vero,

359 1271 402 1311 in
451 1270 637 1312 eiusdem
682 1270 750 1311 dei
796 1269 997 1312 honorem
1043 1270 1279 1325 tragoedias
1310 1269 1493 1323 edentes,
1525 1269 1797 1326 praecipuum

358 1359 494 1399 locum
536 1357 750 1399 Bacchum
791 1361 935 1399 tenere
978 1371 1063 1399 non
1101 1357 1317 1399 miramur.
1380 1356 1492 1405 Quin
1522 1359 1610 1398 tota
1638 1355 1794 1410 divina,

360 1462 467 1504 quae
497 1447 690 1489 Bacchae
720 1447 975 1502 inscribitur,
994 1446 1208 1504 Euripidis
1235 1447 1463 1503 tragoedia,
1497 1462 1520 1490 e
1550 1445 1695 1488 multis
1711 1459 1797 1487 una

360 1549 466 1591 quae
510 1534 696 1576 maxime
743 1535 841 1576 olim
883 1535 1119 1577 auditorum
1163 1534 1370 1591 hodieque
1400 1535 1602 1577 lectorum
1633 1533 1794 1576 animos
1868 1545 1870 1547 ’

359 1625 539 1676 moveat,
571 1621 616 1663 in
661 1620 817 1664 Bacchi
862 1623 976 1663 cultu
1021 1625 1225 1664 versatur.
1268 1621 1445 1664 Ooetum
1485 1620 1792 1674 bacchantium,

360 1706 539 1762 pellibus
583 1705 791 1759 indutum,
837 1705 994 1748 hedera
1038 1706 1292 1760 redimitum,
1333 1706 1526 1762 thyrsum
1566 1706 1793 1751 iactantem

360 1793 573 1846 videmus,
607 1792 790 1835 furorem
832 1793 1076 1835 bacchicum
1118 1793 1402 1847 exardescere,
1445 1807 1592 1835 vaccas
1622 1792 1794 1834 vitulos-

361 1893 441 1935 que
486 1879 681 1921 manibus
731 1879 922 1935 discerpi,
970 1880 1186 1935 multaque
1232 1880 1316 1921 alia
1360 1879 1564 1921 miracula
1608 1878 1795 1922 accidere

361 1966 565 2008 audimus.
599 1965 690 2014 Quo
720 1967 862 2022 plures
892 1966 1002 2008 orbis
1033 1969 1241 2008 terrarum
1272 1967 1465 2022 regiones
1494 1969 1796 2023 pernotuerant

360 2067 408 2095 eo
437 2053 603 2109 longius
633 2053 846 2095 Bacchum
877 2054 1217 2110 peregrinantem
1247 2053 1414 2096 fabulae
1445 2054 1611 2109 fingunt
1641 2057 1683 2096 et
1714 2066 1795 2109 quo

359 2140 494 2195 magis
535 2140 623 2182 eius
664 2141 799 2182 cultus
841 2155 935 2183 cum
975 2140 1262 2183 Orientalibus
1292 2141 1420 2197 orgiis
1450 2140 1717 2196 coniungitur
1746 2154 1796 2182 eo

359 2227 581 2269 lasciviora
626 2227 715 2269 eius
753 2227 872 2282 festa,
906 2242 1036 2284 eoque
1067 2228 1323 2284 frequentior
1353 2228 1550 2270 comitum
1580 2239 1792 2269 numerus.

361 2311 488 2368 Apud
530 2312 765 2355 Homerum
817 2313 932 2368 deus,
986 2315 1218 2356 nutricibus
1270 2318 1435 2356 tantum
1487 2313 1820 2373 comitantibus„

408 2467 416 2487 ¹
461 2466 501 2501 Ο.
527 2466 563 2500 C.
590 2467 703 2502 1051„

406 2470 434 2574 ²3
459 2531 667 2566 Eustratius
702 2531 750 2566 ad
789 2530 901 2566 Arist.
937 2532 1024 2567 Eth.
1059 2532 1198 2568 Nicom.
1235 2532 1299 2568 ΙΙΙ.
1328 2535 1357 2567 1.
1395 2531 1592 2574 Τοξοτὶδας,
1632 2529 1792 2581 Ἶερείας,

361 2598 524 2644 Σίσυφον
553 2584 595 2637 et
622 2596 851 2645 Ἰφιγένειαν
879 2598 943 2634 has
968 2599 1111 2635 fabulas
1135 2598 1245 2635 fuisse
1269 2600 1396 2641 tradit.

407 2662 433 2704 3)
458 2661 537 2696 Ael.
561 2661 647 2698 Var.
670 2661 754 2697 hist.
777 2661 819 2704 V,
847 2663 898 2697 19.
924 2682 968 2688 —
994 2660 1024 2706 ⁴)
1050 2661 1094 2698 112
1118 2660 1180 2706 VI,
1208 2662 1286 2697 130.
