<?xml version="1.0" encoding="UTF-8"?>
<!DOCTYPE html PUBLIC "-//W3C//DTD XHTML 1.0 Transitional//EN"
    "http://www.w3.org/TR/xhtml1/DTD/xhtml1-transitional.dtd">
<html xmlns="http://www.w3.org/1999/xhtml" xml:lang="en" lang="en">
 <head>
  <title>
</title>
<meta http-equiv="Content-Type" content="text/html;charset=utf-8" />
  <meta name='ocr-system' content='tesseract 3.04.00' />
  <meta name='ocr-capabilities' content='ocr_page ocr_carea ocr_par ocr_line ocrx_word'/>
</head>
<body>
  <div class='ocr_page' id='page_1' title='image "./detragicorumanac00striuoft_0126.png"; bbox 0 0 2080 3314; ppageno 0'>
   <div class='ocr_carea' id='block_1_1' title="bbox 1077 382 1157 426">
    <p class='ocr_par' dir='ltr' id='par_1_1' title="bbox 1077 382 1157 426">
     <span class='ocr_line' id='line_1_1' title="bbox 1077 382 1157 426; baseline 0.05 -4"><span class='ocrx_word' id='word_1_1' title='bbox 1077 382 1157 426; x_wconf 83' lang='lat'>114</span> 
     </span>
    </p>
   </div>
   <div class='ocr_carea' id='block_1_2' title="bbox 396 510 1834 662">
    <p class='ocr_par' dir='ltr' id='par_1_2' title="bbox 396 510 1834 662">
     <span class='ocr_line' id='line_1_2' title="bbox 397 510 1833 572; baseline 0.003 -17"><span class='ocrx_word' id='word_1_2' title='bbox 397 510 441 555; x_wconf 72' lang='lat' dir='ltr'>A</span> <span class='ocrx_word' id='word_1_3' title='bbox 451 525 501 555; x_wconf 89' lang='lat' dir='ltr'>es</span> <span class='ocrx_word' id='word_1_4' title='bbox 513 526 536 555; x_wconf 93' lang='lat' dir='ltr'>o</span> <span class='ocrx_word' id='word_1_5' title='bbox 547 511 602 568; x_wconf 92' lang='lat' dir='ltr'>pi</span> <span class='ocrx_word' id='word_1_6' title='bbox 627 511 655 566; x_wconf 92' lang='lat'>¹)</span> <span class='ocrx_word' id='word_1_7' title='bbox 681 511 863 569; x_wconf 83' lang='lat' dir='ltr'>denique</span> <span class='ocrx_word' id='word_1_8' title='bbox 889 512 1075 557; x_wconf 85' lang='lat' dir='ltr'>fabulam</span> <span class='ocrx_word' id='word_1_9' title='bbox 1101 513 1247 557; x_wconf 90' lang='lat' dir='ltr'>audire</span> <span class='ocrx_word' id='word_1_10' title='bbox 1273 514 1393 557; x_wconf 89' lang='lat' dir='ltr'>nobis</span> <span class='ocrx_word' id='word_1_11' title='bbox 1419 515 1624 572; x_wconf 83' lang='lat' dir='ltr'>videmur,</span> <span class='ocrx_word' id='word_1_12' title='bbox 1641 515 1715 559; x_wconf 88' lang='lat' dir='ltr'>ubi</span> <span class='ocrx_word' id='word_1_13' title='bbox 1732 530 1833 560; x_wconf 90' lang='lat' dir='ltr'>eun-</span> 
     </span>
     <span class='ocr_line' id='line_1_3' title="bbox 396 598 1834 662; baseline 0.004 -20"><span class='ocrx_word' id='word_1_14' title='bbox 396 598 492 642; x_wconf 89' lang='lat' dir='ltr'>dem</span> <span class='ocrx_word' id='word_1_15' title='bbox 507 600 704 642; x_wconf 85' lang='lat' dir='ltr'>iuvenem</span> <span class='ocrx_word' id='word_1_16' title='bbox 715 599 924 644; x_wconf 80' lang='lat' dir='ltr'><strong>dicentem</strong></span> <span class='ocrx_word' id='word_1_17' title='bbox 940 601 1040 645; x_wconf 89' lang='lat' dir='ltr'>facit</span> <span class='ocrx_word' id='word_1_18' title='bbox 1049 605 1174 658; x_wconf 88' lang='lat' dir='ltr'>poeta</span> <span class='ocrx_word' id='word_1_19' title='bbox 1190 616 1259 645; x_wconf 90' lang='lat' dir='ltr'>eas</span> <span class='ocrx_word' id='word_1_20' title='bbox 1276 603 1458 659; x_wconf 88' lang='lat' dir='ltr'>arbores,</span> <span class='ocrx_word' id='word_1_21' title='bbox 1471 617 1578 660; x_wconf 90' lang='lat' dir='ltr'>quae</span> <span class='ocrx_word' id='word_1_22' title='bbox 1594 605 1834 662; x_wconf 85' lang='lat' dir='ltr'>tempestati</span> 
     </span>
    </p>
   </div>
   <div class='ocr_carea' id='block_1_3' title="bbox 395 687 1909 746">
    <p class='ocr_par' dir='ltr' id='par_1_3' title="bbox 395 687 1909 746">
     <span class='ocr_line' id='line_1_4' title="bbox 395 687 1909 746; baseline 0.003 -17"><span class='ocrx_word' id='word_1_23' title='bbox 395 687 559 742; x_wconf 81' lang='lat' dir='ltr'>cedant,</span> <span class='ocrx_word' id='word_1_24' title='bbox 605 687 779 744; x_wconf 84' lang='lat' dir='ltr'>servari,</span> <span class='ocrx_word' id='word_1_25' title='bbox 821 701 930 745; x_wconf 90' lang='lat' dir='ltr'>quae</span> <span class='ocrx_word' id='word_1_26' title='bbox 970 692 1114 732; x_wconf 87' lang='lat' dir='ltr'>contra</span> <span class='ocrx_word' id='word_1_27' title='bbox 1153 690 1361 746; x_wconf 82' lang='lat' dir='ltr'>procellae</span> <span class='ocrx_word' id='word_1_28' title='bbox 1402 690 1596 734; x_wconf 88' lang='lat' dir='ltr'>resistere</span> <span class='ocrx_word' id='word_1_29' title='bbox 1631 694 1833 734; x_wconf 87' lang='lat' dir='ltr'>conentur</span> <span class='ocrx_word' id='word_1_30' title='bbox 1905 700 1909 704; x_wconf 88' lang='grc'><strong>’</strong></span> 
     </span>
    </p>
   </div>
   <div class='ocr_carea' id='block_1_4' title="bbox 390 774 1831 1270">
    <p class='ocr_par' dir='ltr' id='par_1_4' title="bbox 395 774 856 831">
     <span class='ocr_line' id='line_1_5' title="bbox 395 774 856 831; baseline 0.002 -14"><span class='ocrx_word' id='word_1_31' title='bbox 395 774 583 831; x_wconf 74' lang='lat' dir='ltr'><strong>stirpitus</strong></span> <span class='ocrx_word' id='word_1_32' title='bbox 620 774 808 818; x_wconf 92' lang='lat' dir='ltr'>interire.</span> <span class='ocrx_word' id='word_1_33' title='bbox 823 775 856 831; x_wconf 81' lang='lat'>2)</span> 
     </span>
    </p>

    <p class='ocr_par' dir='ltr' id='par_1_5' title="bbox 390 861 1831 1270">
     <span class='ocr_line' id='line_1_6' title="bbox 453 861 1828 921; baseline 0.003 -18"><span class='ocrx_word' id='word_1_34' title='bbox 453 861 594 910; x_wconf 84' lang='lat' dir='ltr'>Quum</span> <span class='ocrx_word' id='word_1_35' title='bbox 619 876 794 919; x_wconf 89' lang='lat' dir='ltr'>sponsus</span> <span class='ocrx_word' id='word_1_36' title='bbox 819 877 1025 920; x_wconf 85' lang='lat' dir='ltr'>sponsave</span> <span class='ocrx_word' id='word_1_37' title='bbox 1050 866 1149 906; x_wconf 89' lang='lat' dir='ltr'>ante</span> <span class='ocrx_word' id='word_1_38' title='bbox 1164 864 1332 921; x_wconf 81' lang='lat' dir='ltr'><strong>nuptias</strong></span> <span class='ocrx_word' id='word_1_39' title='bbox 1348 864 1560 920; x_wconf 87' lang='lat' dir='ltr'>obiissent,</span> <span class='ocrx_word' id='word_1_40' title='bbox 1583 863 1828 920; x_wconf 89' lang='lat' dir='ltr'>„Plutonis”</span> 
     </span>
     <span class='ocr_line' id='line_1_7' title="bbox 395 948 1831 1008; baseline 0.003 -17"><span class='ocrx_word' id='word_1_41' title='bbox 395 949 464 991; x_wconf 83' lang='lat' dir='ltr'>vel</span> <span class='ocrx_word' id='word_1_42' title='bbox 485 948 788 1006; x_wconf 83' lang='lat' dir='ltr'>„Proserpinae</span> <span class='ocrx_word' id='word_1_43' title='bbox 806 949 996 1006; x_wconf 87' lang='lat' dir='ltr'>domus”‚</span> <span class='ocrx_word' id='word_1_44' title='bbox 1013 949 1225 993; x_wconf 86' lang='lat' dir='ltr'>thalamus</span> <span class='ocrx_word' id='word_1_45' title='bbox 1241 950 1375 993; x_wconf 88' lang='lat' dir='ltr'>dictus</span> <span class='ocrx_word' id='word_1_46' title='bbox 1402 955 1465 993; x_wconf 87' lang='lat' dir='ltr'>est</span> <span class='ocrx_word' id='word_1_47' title='bbox 1481 966 1507 994; x_wconf 90' lang='lat' dir='ltr'>a</span> <span class='ocrx_word' id='word_1_48' title='bbox 1523 951 1620 1008; x_wconf 88' lang='lat' dir='ltr'>Sap</span> <span class='ocrx_word' id='word_1_49' title='bbox 1630 951 1726 1008; x_wconf 90' lang='lat' dir='ltr'>pho</span> <span class='ocrx_word' id='word_1_50' title='bbox 1739 950 1772 1007; x_wconf 81' lang='lat'>³)</span> <span class='ocrx_word' id='word_1_51' title='bbox 1788 955 1831 995; x_wconf 85' lang='lat' dir='ltr'><strong>et</strong></span> 
     </span>
     <span class='ocr_line' id='line_1_8' title="bbox 392 1035 1829 1095; baseline 0.003 -17"><span class='ocrx_word' id='word_1_52' title='bbox 392 1035 662 1092; x_wconf 86' lang='lat' dir='ltr'><strong>Simonide,</strong></span> <span class='ocrx_word' id='word_1_53' title='bbox 674 1035 707 1091; x_wconf 78' lang='lat'>4)</span> <span class='ocrx_word' id='word_1_54' title='bbox 725 1037 835 1093; x_wconf 90' lang='lat' dir='ltr'>quod</span> <span class='ocrx_word' id='word_1_55' title='bbox 855 1037 1044 1080; x_wconf 86' lang='lat' dir='ltr'>imitatus</span> <span class='ocrx_word' id='word_1_56' title='bbox 1073 1041 1135 1080; x_wconf 89' lang='lat' dir='ltr'>est</span> <span class='ocrx_word' id='word_1_57' title='bbox 1157 1037 1382 1094; x_wconf 85' lang='lat' dir='ltr'>Sophocles</span> <span class='ocrx_word' id='word_1_58' title='bbox 1396 1037 1430 1092; x_wconf 89' lang='lat'>⁵)</span> <span class='ocrx_word' id='word_1_59' title='bbox 1446 1038 1492 1080; x_wconf 93' lang='lat' dir='ltr'>in</span> <span class='ocrx_word' id='word_1_60' title='bbox 1508 1035 1724 1095; x_wconf 87' lang='lat' dir='ltr'>Antigone</span> <span class='ocrx_word' id='word_1_61' title='bbox 1739 1051 1829 1095; x_wconf 83' lang='lat' dir='ltr'>sua,</span> 
     </span>
     <span class='ocr_line' id='line_1_9' title="bbox 390 1123 1825 1181; baseline 0.001 -14"><span class='ocrx_word' id='word_1_62' title='bbox 390 1124 600 1181; x_wconf 90' lang='lat' dir='ltr'>aliamque</span> <span class='ocrx_word' id='word_1_63' title='bbox 611 1123 896 1167; x_wconf 88' lang='lat' dir='ltr'>Simonideam</span> <span class='ocrx_word' id='word_1_64' title='bbox 907 1124 1160 1167; x_wconf 82' lang='lat' dir='ltr'><strong>sententiam</strong></span> <span class='ocrx_word' id='word_1_65' title='bbox 1177 1123 1210 1180; x_wconf 83' lang='lat'>⁶)</span> <span class='ocrx_word' id='word_1_66' title='bbox 1220 1125 1266 1166; x_wconf 91' lang='lat' dir='ltr'>in</span> <span class='ocrx_word' id='word_1_67' title='bbox 1282 1124 1429 1168; x_wconf 88' lang='lat' dir='ltr'>eadem</span> <span class='ocrx_word' id='word_1_68' title='bbox 1440 1124 1583 1168; x_wconf 88' lang='lat' dir='ltr'>fabula</span> <span class='ocrx_word' id='word_1_69' title='bbox 1593 1139 1714 1168; x_wconf 89' lang='lat' dir='ltr'>suam</span> <span class='ocrx_word' id='word_1_70' title='bbox 1723 1125 1825 1169; x_wconf 86' lang='lat' dir='ltr'>facit</span> 
     </span>
     <span class='ocr_line' id='line_1_10' title="bbox 391 1210 1830 1270; baseline 0.001 -16"><span class='ocrx_word' id='word_1_71' title='bbox 391 1210 555 1268; x_wconf 87' lang='lat' dir='ltr'>lepidus</span> <span class='ocrx_word' id='word_1_72' title='bbox 574 1211 648 1254; x_wconf 92' lang='lat' dir='ltr'>ille</span> <span class='ocrx_word' id='word_1_73' title='bbox 669 1211 866 1254; x_wconf 88' lang='lat' dir='ltr'>nuntius:</span> <span class='ocrx_word' id='word_1_74' title='bbox 894 1211 1050 1267; x_wconf 81' lang='lat' dir='ltr'>„vitam</span> <span class='ocrx_word' id='word_1_75' title='bbox 1066 1211 1158 1255; x_wconf 89' lang='lat' dir='ltr'>sine</span> <span class='ocrx_word' id='word_1_76' title='bbox 1172 1211 1326 1268; x_wconf 88' lang='lat' dir='ltr'>gaudio</span> <span class='ocrx_word' id='word_1_77' title='bbox 1342 1211 1501 1256; x_wconf 86' lang='lat' dir='ltr'>nullius</span> <span class='ocrx_word' id='word_1_78' title='bbox 1517 1226 1609 1256; x_wconf 90' lang='lat' dir='ltr'>esse</span> <span class='ocrx_word' id='word_1_79' title='bbox 1619 1211 1830 1270; x_wconf 83' lang='lat' dir='ltr'>pretii”.⁷)</span> 
     </span>
    </p>
   </div>
   <div class='ocr_carea' id='block_1_5' title="bbox 388 1384 1828 2314">
    <p class='ocr_par' dir='ltr' id='par_1_6' title="bbox 388 1384 1828 2314">
     <span class='ocr_line' id='line_1_11' title="bbox 449 1384 1828 1443; baseline 0.001 -15"><span class='ocrx_word' id='word_1_80' title='bbox 449 1385 632 1429; x_wconf 81' lang='lat' dir='ltr'><strong>Athenis</strong></span> <span class='ocrx_word' id='word_1_81' title='bbox 662 1399 786 1429; x_wconf 91' lang='lat' dir='ltr'>nemo</span> <span class='ocrx_word' id='word_1_82' title='bbox 815 1384 1124 1443; x_wconf 84' lang='lat' dir='ltr'>philosophiam</span> <span class='ocrx_word' id='word_1_83' title='bbox 1151 1385 1290 1429; x_wconf 88' lang='lat' dir='ltr'>docuit</span> <span class='ocrx_word' id='word_1_84' title='bbox 1314 1389 1413 1429; x_wconf 90' lang='lat' dir='ltr'>ante</span> <span class='ocrx_word' id='word_1_85' title='bbox 1442 1384 1828 1443; x_wconf 84' lang='lat' dir='ltr'>Anaxagoram</span> 
     </span>
     <span class='ocr_line' id='line_1_12' title="bbox 392 1472 1826 1538; baseline 0.001 -23"><span class='ocrx_word' id='word_1_86' title='bbox 392 1472 721 1529; x_wconf 83' lang='lat' dir='ltr'>Clazomenium,</span> <span class='ocrx_word' id='word_1_87' title='bbox 753 1488 834 1530; x_wconf 90' lang='lat' dir='ltr'>quo</span> <span class='ocrx_word' id='word_1_88' title='bbox 874 1473 1099 1531; x_wconf 83' lang='lat' dir='ltr'>Euripides</span> <span class='ocrx_word' id='word_1_89' title='bbox 1137 1474 1339 1538; x_wconf 83' lang='lat' dir='ltr'>magistro</span> <span class='ocrx_word' id='word_1_90' title='bbox 1378 1488 1478 1516; x_wconf 90' lang='lat' dir='ltr'>usus</span> <span class='ocrx_word' id='word_1_91' title='bbox 1516 1488 1606 1517; x_wconf 90' lang='lat' dir='ltr'>esse</span> <span class='ocrx_word' id='word_1_92' title='bbox 1634 1473 1826 1517; x_wconf 84' lang='lat' dir='ltr'>traditur.</span> 
     </span>
     <span class='ocr_line' id='line_1_13' title="bbox 391 1560 1828 1618; baseline 0.001 -16"><span class='ocrx_word' id='word_1_93' title='bbox 391 1560 512 1603; x_wconf 89' lang='lat' dir='ltr'>Illius</span> <span class='ocrx_word' id='word_1_94' title='bbox 552 1560 753 1616; x_wconf 88' lang='lat' dir='ltr'>doctrina,</span> <span class='ocrx_word' id='word_1_95' title='bbox 795 1561 880 1603; x_wconf 91' lang='lat' dir='ltr'>alte</span> <span class='ocrx_word' id='word_1_96' title='bbox 918 1561 965 1603; x_wconf 91' lang='lat' dir='ltr'>in</span> <span class='ocrx_word' id='word_1_97' title='bbox 995 1560 1272 1604; x_wconf 84' lang='lat' dir='ltr'>cordatiorum</span> <span class='ocrx_word' id='word_1_98' title='bbox 1312 1561 1530 1604; x_wconf 88' lang='lat' dir='ltr'>hominum</span> <span class='ocrx_word' id='word_1_99' title='bbox 1560 1564 1730 1618; x_wconf 83' lang='lat' dir='ltr'>pectora</span> <span class='ocrx_word' id='word_1_100' title='bbox 1758 1560 1828 1604; x_wconf 88' lang='lat' dir='ltr'>de-</span> 
     </span>
     <span class='ocr_line' id='line_1_14' title="bbox 390 1646 1828 1705; baseline -0.001 -14"><span class='ocrx_word' id='word_1_101' title='bbox 390 1648 605 1703; x_wconf 88' lang='lat' dir='ltr'>scendens,</span> <span class='ocrx_word' id='word_1_102' title='bbox 636 1649 835 1705; x_wconf 89' lang='lat' dir='ltr'>antiquae</span> <span class='ocrx_word' id='word_1_103' title='bbox 864 1648 1080 1704; x_wconf 86' lang='lat' dir='ltr'>religionis</span> <span class='ocrx_word' id='word_1_104' title='bbox 1110 1648 1326 1691; x_wconf 85' lang='lat' dir='ltr'>tenacibus</span> <span class='ocrx_word' id='word_1_105' title='bbox 1357 1651 1442 1691; x_wconf 89' lang='lat' dir='ltr'>non</span> <span class='ocrx_word' id='word_1_106' title='bbox 1461 1647 1559 1690; x_wconf 87' lang='lat' dir='ltr'>huic</span> <span class='ocrx_word' id='word_1_107' title='bbox 1574 1651 1739 1699; x_wconf 89' lang='lat' dir='ltr'>tantum</span> <span class='ocrx_word' id='word_1_108' title='bbox 1755 1646 1828 1690; x_wconf 88' lang='lat' dir='ltr'>sed</span> 
     </span>
     <span class='ocr_line' id='line_1_15' title="bbox 390 1734 1825 1791; baseline -0.001 -13"><span class='ocrx_word' id='word_1_109' title='bbox 390 1736 519 1779; x_wconf 92' lang='lat' dir='ltr'>etiam</span> <span class='ocrx_word' id='word_1_110' title='bbox 554 1735 742 1778; x_wconf 88' lang='lat' dir='ltr'>moribus</span> <span class='ocrx_word' id='word_1_111' title='bbox 783 1735 950 1777; x_wconf 89' lang='lat' dir='ltr'>funesta</span> <span class='ocrx_word' id='word_1_112' title='bbox 989 1735 1081 1777; x_wconf 86' lang='lat' dir='ltr'>visa</span> <span class='ocrx_word' id='word_1_113' title='bbox 1110 1738 1185 1789; x_wconf 88' lang='lat' dir='ltr'>est,</span> <span class='ocrx_word' id='word_1_114' title='bbox 1217 1749 1346 1791; x_wconf 90' lang='lat' dir='ltr'>quare</span> <span class='ocrx_word' id='word_1_115' title='bbox 1375 1735 1615 1791; x_wconf 88' lang='lat' dir='ltr'>praeclarus</span> <span class='ocrx_word' id='word_1_116' title='bbox 1644 1734 1825 1791; x_wconf 89' lang='lat' dir='ltr'>philoso-</span> 
     </span>
     <span class='ocr_line' id='line_1_16' title="bbox 389 1820 1827 1880; baseline -0.001 -15"><span class='ocrx_word' id='word_1_117' title='bbox 389 1822 518 1880; x_wconf 89' lang='lat' dir='ltr'>phus,</span> <span class='ocrx_word' id='word_1_118' title='bbox 563 1822 792 1879; x_wconf 88' lang='lat' dir='ltr'>impietatis</span> <span class='ocrx_word' id='word_1_119' title='bbox 837 1825 1067 1877; x_wconf 85' lang='lat' dir='ltr'>accusatus,</span> <span class='ocrx_word' id='word_1_120' title='bbox 1113 1821 1190 1864; x_wconf 86' lang='lat' dir='ltr'>vix</span> <span class='ocrx_word' id='word_1_121' title='bbox 1233 1821 1408 1864; x_wconf 90' lang='lat' dir='ltr'>Periclis</span> <span class='ocrx_word' id='word_1_122' title='bbox 1448 1821 1694 1864; x_wconf 88' lang='lat' dir='ltr'>auctoritate</span> <span class='ocrx_word' id='word_1_123' title='bbox 1733 1820 1827 1864; x_wconf 82' lang='lat' dir='ltr'>neci</span> 
     </span>
     <span class='ocr_line' id='line_1_17' title="bbox 389 1908 1826 1966; baseline -0.001 -15"><span class='ocrx_word' id='word_1_124' title='bbox 389 1913 557 1966; x_wconf 88' lang='lat' dir='ltr'>ereptus</span> <span class='ocrx_word' id='word_1_125' title='bbox 587 1914 662 1952; x_wconf 87' lang='lat' dir='ltr'>est.</span> <span class='ocrx_word' id='word_1_126' title='bbox 709 1909 772 1952; x_wconf 91' lang='lat' dir='ltr'><strong>Ut</strong></span> <span class='ocrx_word' id='word_1_127' title='bbox 800 1909 931 1965; x_wconf 89' lang='lat' dir='ltr'>igitur</span> <span class='ocrx_word' id='word_1_128' title='bbox 960 1923 1103 1952; x_wconf 90' lang='lat' dir='ltr'>carum</span> <span class='ocrx_word' id='word_1_129' title='bbox 1133 1908 1381 1965; x_wconf 87' lang='lat' dir='ltr'>magistrum</span> <span class='ocrx_word' id='word_1_130' title='bbox 1412 1923 1438 1951; x_wconf 91' lang='lat' dir='ltr'>a</span> <span class='ocrx_word' id='word_1_131' title='bbox 1466 1908 1622 1951; x_wconf 90' lang='lat' dir='ltr'>talibus</span> <span class='ocrx_word' id='word_1_132' title='bbox 1653 1921 1826 1951; x_wconf 90' lang='lat' dir='ltr'>accusa-</span> 
     </span>
     <span class='ocr_line' id='line_1_18' title="bbox 389 1994 1825 2055; baseline -0.001 -17"><span class='ocrx_word' id='word_1_133' title='bbox 389 1997 573 2039; x_wconf 89' lang='lat' dir='ltr'>tionibus</span> <span class='ocrx_word' id='word_1_134' title='bbox 617 1995 861 2039; x_wconf 87' lang='lat' dir='ltr'>defenderet</span> <span class='ocrx_word' id='word_1_135' title='bbox 910 1995 1160 2052; x_wconf 86' lang='lat' dir='ltr'>discipulum</span> <span class='ocrx_word' id='word_1_136' title='bbox 1205 1995 1294 2038; x_wconf 92' lang='lat' dir='ltr'>eius</span> <span class='ocrx_word' id='word_1_137' title='bbox 1338 1995 1495 2052; x_wconf 88' lang='lat' dir='ltr'>placita</span> <span class='ocrx_word' id='word_1_138' title='bbox 1539 1994 1692 2055; x_wconf 85' lang='lat' dir='ltr'>fabulis</span> <span class='ocrx_word' id='word_1_139' title='bbox 1738 1994 1825 2037; x_wconf 88' lang='lat' dir='ltr'>suis</span> 
     </span>
     <span class='ocr_line' id='line_1_19' title="bbox 388 2080 1825 2140; baseline -0.001 -14"><span class='ocrx_word' id='word_1_140' title='bbox 388 2084 634 2139; x_wconf 88' lang='lat' dir='ltr'>intexuisse,</span> <span class='ocrx_word' id='word_1_141' title='bbox 665 2083 767 2140; x_wconf 91' lang='lat' dir='ltr'>quin</span> <span class='ocrx_word' id='word_1_142' title='bbox 797 2083 926 2125; x_wconf 90' lang='lat' dir='ltr'>etiam</span> <span class='ocrx_word' id='word_1_143' title='bbox 950 2085 1081 2124; x_wconf 90' lang='lat' dir='ltr'>totam</span> <span class='ocrx_word' id='word_1_144' title='bbox 1111 2082 1297 2125; x_wconf 89' lang='lat' dir='ltr'>fabulam</span> <span class='ocrx_word' id='word_1_145' title='bbox 1314 2082 1538 2139; x_wconf 87' lang='lat' dir='ltr'>scripsisse,</span> <span class='ocrx_word' id='word_1_146' title='bbox 1553 2096 1636 2139; x_wconf 93' lang='lat' dir='ltr'>qua</span> <span class='ocrx_word' id='word_1_147' title='bbox 1650 2080 1825 2124; x_wconf 85' lang='lat' dir='ltr'>Anaxa-</span> 
     </span>
     <span class='ocr_line' id='line_1_20' title="bbox 388 2169 1824 2228; baseline -0.003 -14"><span class='ocrx_word' id='word_1_148' title='bbox 388 2186 517 2228; x_wconf 89' lang='lat' dir='ltr'>gorae</span> <span class='ocrx_word' id='word_1_149' title='bbox 555 2171 820 2228; x_wconf 87' lang='lat' dir='ltr'>disciplinam</span> <span class='ocrx_word' id='word_1_150' title='bbox 859 2184 954 2212; x_wconf 91' lang='lat' dir='ltr'>cum</span> <span class='ocrx_word' id='word_1_151' title='bbox 994 2169 1253 2212; x_wconf 85' lang='lat' dir='ltr'>auditoribus</span> <span class='ocrx_word' id='word_1_152' title='bbox 1292 2169 1630 2223; x_wconf 83' lang='lat' dir='ltr'>communicaret,</span> <span class='ocrx_word' id='word_1_153' title='bbox 1661 2172 1824 2212; x_wconf 86' lang='lat' dir='ltr'>veteres</span> 
     </span>
     <span class='ocr_line' id='line_1_21' title="bbox 388 2254 1822 2314; baseline -0.001 -14"><span class='ocrx_word' id='word_1_154' title='bbox 388 2258 572 2301; x_wconf 88' lang='lat' dir='ltr'>tradunt.</span> <span class='ocrx_word' id='word_1_155' title='bbox 602 2257 634 2313; x_wconf 66' lang='grc' dir='ltr'>ε’)</span> <span class='ocrx_word' id='word_1_156' title='bbox 674 2257 917 2314; x_wconf 88' lang='lat' dir='ltr'>Menalippe</span> <span class='ocrx_word' id='word_1_157' title='bbox 958 2255 1149 2313; x_wconf 82' lang='lat' dir='ltr'>Sapiens,</span> <span class='ocrx_word' id='word_1_158' title='bbox 1189 2255 1298 2298; x_wconf 90' lang='lat' dir='ltr'>hanc</span> <span class='ocrx_word' id='word_1_159' title='bbox 1338 2255 1450 2298; x_wconf 90' lang='lat' dir='ltr'>enim</span> <span class='ocrx_word' id='word_1_160' title='bbox 1490 2255 1676 2299; x_wconf 88' lang='lat' dir='ltr'>fabulam</span> <span class='ocrx_word' id='word_1_161' title='bbox 1715 2254 1822 2310; x_wconf 85' lang='lat' dir='ltr'>volo,</span> 
     </span>
    </p>
   </div>
   <div class='ocr_carea' id='block_1_6' title="bbox 390 2371 662 2381">
    <p class='ocr_par' dir='ltr' id='par_1_7' title="bbox 390 2371 662 2381">
     <span class='ocr_line' id='line_1_22' title="bbox 390 2371 662 2381; baseline 0 0"><span class='ocrx_word' id='word_1_162' title='bbox 390 2371 662 2381; x_wconf 95' lang='lat' dir='ltr'> </span> 
     </span>
    </p>
   </div>
   <div class='ocr_carea' id='block_1_7' title="bbox 435 2429 1469 2482">
    <p class='ocr_par' dir='ltr' id='par_1_8' title="bbox 435 2429 1469 2482">
     <span class='ocr_line' id='line_1_23' title="bbox 435 2429 1469 2482; baseline -0.002 -12"><span class='ocrx_word' id='word_1_163' title='bbox 435 2439 461 2481; x_wconf 84' lang='lat'>¹)</span> <span class='ocrx_word' id='word_1_164' title='bbox 487 2433 651 2482; x_wconf 78' lang='grc' dir='ltr'><em>κάλαμοι</em></span> <span class='ocrx_word' id='word_1_165' title='bbox 683 2432 746 2469; x_wconf 85' lang='grc' dir='ltr'>καὶ</span> <span class='ocrx_word' id='word_1_166' title='bbox 773 2429 870 2482; x_wconf 73' lang='grc' dir='ltr'><em>δρῦς,</em></span> <span class='ocrx_word' id='word_1_167' title='bbox 896 2433 1052 2469; x_wconf 87' lang='lat' dir='ltr'>Babrius</span> <span class='ocrx_word' id='word_1_168' title='bbox 1077 2436 1132 2470; x_wconf 88' lang='grc'>36.</span> <span class='ocrx_word' id='word_1_169' title='bbox 1156 2454 1201 2460; x_wconf 88' lang='grc'><strong>-</strong></span> <span class='ocrx_word' id='word_1_170' title='bbox 1224 2433 1253 2480; x_wconf 73' lang='lat'>²)</span> <span class='ocrx_word' id='word_1_171' title='bbox 1280 2433 1367 2469; x_wconf 89' lang='lat' dir='ltr'><strong>Ant.</strong></span> <span class='ocrx_word' id='word_1_172' title='bbox 1392 2435 1469 2469; x_wconf 84' lang='lat'>712.</span> 
     </span>
    </p>
   </div>
   <div class='ocr_carea' id='block_1_8' title="bbox 434 2492 1821 2604">
    <p class='ocr_par' dir='ltr' id='par_1_9' title="bbox 434 2492 1821 2604">
     <span class='ocr_line' id='line_1_24' title="bbox 434 2492 1821 2544; baseline -0.004 -10"><span class='ocrx_word' id='word_1_173' title='bbox 434 2500 461 2543; x_wconf 75' lang='grc'>3)</span> <span class='ocrx_word' id='word_1_174' title='bbox 487 2498 634 2544; x_wconf 84' lang='lat' dir='ltr'>Sappho</span> <span class='ocrx_word' id='word_1_175' title='bbox 657 2497 785 2543; x_wconf 87' lang='lat' dir='ltr'>Epigr.</span> <span class='ocrx_word' id='word_1_176' title='bbox 808 2499 872 2533; x_wconf 90' lang='lat'>119</span> <span class='ocrx_word' id='word_1_177' title='bbox 886 2498 945 2533; x_wconf 87' lang='lat' dir='ltr'>ed.</span> <span class='ocrx_word' id='word_1_178' title='bbox 958 2496 1091 2542; x_wconf 83' lang='lat' dir='ltr'>Bergk</span> <span class='ocrx_word' id='word_1_179' title='bbox 1106 2497 1206 2531; x_wconf 78' lang='lat'>1866.</span> <span class='ocrx_word' id='word_1_180' title='bbox 1223 2515 1265 2520; x_wconf 98' lang='lat'><strong>—</strong></span> <span class='ocrx_word' id='word_1_181' title='bbox 1281 2494 1309 2541; x_wconf 81' lang='lat'>⁴)</span> <span class='ocrx_word' id='word_1_182' title='bbox 1323 2494 1409 2530; x_wconf 85' lang='lat' dir='ltr'>Sim.</span> <span class='ocrx_word' id='word_1_183' title='bbox 1421 2494 1465 2530; x_wconf 87' lang='lat' dir='ltr'>fr.</span> <span class='ocrx_word' id='word_1_184' title='bbox 1482 2496 1558 2530; x_wconf 81' lang='lat'>124.</span> <span class='ocrx_word' id='word_1_185' title='bbox 1576 2505 1629 2530; x_wconf 86' lang='lat' dir='ltr'>vs.</span> <span class='ocrx_word' id='word_1_186' title='bbox 1641 2492 1821 2529; x_wconf 82' lang='lat' dir='ltr'>4ibidem.</span> 
     </span>
     <span class='ocr_line' id='line_1_25' title="bbox 435 2552 1682 2604; baseline -0.004 -12"><span class='ocrx_word' id='word_1_187' title='bbox 435 2558 463 2604; x_wconf 76' lang='lat'>⁵)</span> <span class='ocrx_word' id='word_1_188' title='bbox 487 2558 573 2592; x_wconf 85' lang='lat' dir='ltr'><strong>Ant</strong></span> <span class='ocrx_word' id='word_1_189' title='bbox 597 2558 677 2592; x_wconf 85' lang='lat'>804.</span> <span class='ocrx_word' id='word_1_190' title='bbox 702 2576 747 2582; x_wconf 94' lang='lat'>—</span> <span class='ocrx_word' id='word_1_191' title='bbox 770 2555 801 2601; x_wconf 69' lang='grc' dir='ltr'>θ)</span> <span class='ocrx_word' id='word_1_192' title='bbox 826 2555 912 2590; x_wconf 88' lang='lat' dir='ltr'>Sim.</span> <span class='ocrx_word' id='word_1_193' title='bbox 937 2555 1066 2600; x_wconf 86' lang='lat' dir='ltr'>fragm.</span> <span class='ocrx_word' id='word_1_194' title='bbox 1093 2556 1146 2589; x_wconf 90' lang='grc'>71.</span> <span class='ocrx_word' id='word_1_195' title='bbox 1178 2553 1318 2588; x_wconf 87' lang='lat' dir='ltr'>ibidem</span> <span class='ocrx_word' id='word_1_196' title='bbox 1342 2573 1378 2578; x_wconf 79' lang='lat'><em>-</em></span> <span class='ocrx_word' id='word_1_197' title='bbox 1410 2552 1440 2597; x_wconf 85' lang='lat'>⁷)</span> <span class='ocrx_word' id='word_1_198' title='bbox 1467 2552 1554 2588; x_wconf 88' lang='lat' dir='ltr'>Ant.</span> <span class='ocrx_word' id='word_1_199' title='bbox 1582 2553 1682 2588; x_wconf 87' lang='lat'>1165.</span> 
     </span>
    </p>
   </div>
   <div class='ocr_carea' id='block_1_9' title="bbox 435 2612 1818 2671">
    <p class='ocr_par' dir='ltr' id='par_1_10' title="bbox 435 2612 1818 2671">
     <span class='ocr_line' id='line_1_26' title="bbox 435 2612 1818 2671; baseline -0.007 -13"><span class='ocrx_word' id='word_1_200' title='bbox 435 2625 464 2671; x_wconf 78' lang='lat'>⁸)</span> <span class='ocrx_word' id='word_1_201' title='bbox 489 2624 590 2660; x_wconf 85' lang='lat' dir='ltr'>Suid.</span> <span class='ocrx_word' id='word_1_202' title='bbox 625 2624 648 2659; x_wconf 90' lang='lat' dir='ltr'>i.</span> <span class='ocrx_word' id='word_1_203' title='bbox 675 2634 706 2659; x_wconf 87' lang='lat' dir='ltr'>v.</span> <span class='ocrx_word' id='word_1_204' title='bbox 732 2617 939 2669; x_wconf 71' lang='grc' dir='ltr'><em>Εὐριπίδης·</em></span> <span class='ocrx_word' id='word_1_205' title='bbox 963 2618 1023 2654; x_wconf 81' lang='grc' dir='ltr'>ἐπὶ</span> <span class='ocrx_word' id='word_1_206' title='bbox 1046 2617 1254 2668; x_wconf 72' lang='grc' dir='ltr'><em>τραγῳδίαν</em></span> <span class='ocrx_word' id='word_1_207' title='bbox 1277 2614 1462 2665; x_wconf 74' lang='grc' dir='ltr'>δ’ἐτριίπη,</span> <span class='ocrx_word' id='word_1_208' title='bbox 1486 2614 1553 2651; x_wconf 77' lang='grc' dir='ltr'>τόν</span> <span class='ocrx_word' id='word_1_209' title='bbox 1573 2612 1818 2665; x_wconf 79' lang='grc' dir='ltr'><strong><em>Ἀναξαγοραν</em></strong></span> 
     </span>
    </p>
   </div>
   <div class='ocr_carea' id='block_1_10' title="bbox 389 2684 1461 2736">
    <p class='ocr_par' dir='ltr' id='par_1_11' title="bbox 389 2684 1461 2736">
     <span class='ocr_line' id='line_1_27' title="bbox 389 2684 1461 2736; baseline -0.008 -8"><span class='ocrx_word' id='word_1_210' title='bbox 389 2692 481 2728; x_wconf 73' lang='grc' dir='ltr'>ἰδών</span> <span class='ocrx_word' id='word_1_211' title='bbox 504 2690 718 2728; x_wconf 77' lang='grc' dir='ltr'><em>ὑποστάντα</em></span> <span class='ocrx_word' id='word_1_212' title='bbox 743 2687 947 2732; x_wconf 70' lang='grc' dir='ltr'><strong><em>κινδύνους,</em></strong></span> <span class='ocrx_word' id='word_1_213' title='bbox 972 2686 1115 2736; x_wconf 76' lang='grc' dir='ltr'>δῖ’ἶίπερ</span> <span class='ocrx_word' id='word_1_214' title='bbox 1138 2684 1256 2732; x_wconf 82' lang='grc' dir='ltr'><em>εἰσῆξε</em></span> <span class='ocrx_word' id='word_1_215' title='bbox 1280 2684 1461 2733; x_wconf 74' lang='grc' dir='ltr'><em>δόγματα.</em></span> 
     </span>
    </p>
   </div>
  </div>
 </body>
</html>
