2080 3314
1086 362 1141 403 86

396 500 452 529 ex
481 485 571 543 ipso
596 486 719 529 titulo
746 486 868 530 facile
884 486 1096 543 intelligit.
1114 485 1320 531 Attamen
1335 501 1421 530 non
1442 486 1503 530 ita
1528 486 1650 530 facile
1666 485 1833 544 excogi-

395 573 505 616 tabis
544 572 670 615 huius
706 573 875 616 fabulae
906 575 1243 631 explicationem,
1275 589 1401 632 quam
1431 550 1552 618 nobis
1581 574 1834 631 Hartungus

395 659 667 716 gratificatur.
698 659 804 703 Viro
833 660 952 704 docto
981 665 1029 704 ut
1058 676 1203 705 aurem
1233 663 1450 719 praebeaS,
1468 663 1597 704 lector
1612 655 1831 717 benevole,

396 761 562 803 quaeso.
582 746 833 804 Olympiade
850 747 1037 790 LXXX.
1055 750 1095 791 3.
1108 748 1436 792 Atheniensium
1447 749 1668 792 iuventute
1679 749 1834 806 partim

394 833 440 875 in
470 832 717 890 Aegyptum
747 834 931 890 profecta
960 835 1114 891 partim
1145 835 1190 877 in
1222 811 1505 892 oppugnanda
1529 834 1699 892 Aegina
1714 850 1832 879 occu-

396 924 495 978 pata
524 921 750 977 sperabant
779 920 988 964 Corinthii
1020 936 1077 976 se,
1103 922 1341 965 incursione
1358 922 1497 965 subita
1511 923 1558 964 in
1573 921 1834 978 Megaridem

396 1008 518 1062 facta,
554 1010 628 1049 aut
657 1006 889 1064 Aeginetas
920 1008 1135 1051 obsidione
1165 1009 1416 1066 liberaturos
1446 1012 1520 1051 aut
1549 1006 1834 1052 Athenienses

398 1108 667 1150 oppressuros
699 1108 801 1136 esse.
835 1093 953 1143 Quae
984 1109 1052 1137 res
1081 1099 1129 1137 ut
1159 1095 1282 1138 aliter
1313 1098 1439 1152 atque
1470 1095 1533 1137 illi
1563 1099 1838 1152 speraverant

397 1180 563 1223 caderet
608 1195 755 1223 senum
786 1179 1114 1224 Atheniensium
1144 1182 1300 1224 virtute
1331 1182 1487 1224 factum
1517 1185 1593 1237 est,
1625 1182 1697 1239 qui
1731 1181 1836 1226 duce

397 1266 633 1322 Myronida,
671 1265 910 1309 Corinthios
941 1267 1285 1323 profligaverunt.
1321 1265 1352 1321 1)
1394 1267 1630 1310 Iuvenes
1659 1267 1837 1324 igitur

398 1353 625 1410 quodam
686 1354 837 1396 modo
895 1368 918 1396 e
981 1354 1210 1396 senibus
1271 1354 1410 1396 facti
1449 1357 1609 1396 erant
1652 1354 1837 1398 iuvenile

398 1441 559 1483 facinus
604 1440 763 1483 edendo
808 1438 1143 1483 Atheniensibus
1187 1441 1231 1495 ii,
1279 1441 1350 1496 qui
1398 1441 1571 1483 absente
1615 1441 1837 1484 inventute

397 1525 537 1567 hostes
575 1526 861 1582 propulerant.
908 1525 1032 1568 Nunc
1072 1525 1210 1581 arrige
1252 1526 1396 1568 aures!
1439 1525 1589 1568 Paullo
1633 1530 1727 1583 post
1767 1525 1834 1569 Ol.

398 1612 607 1655 LXXXI.
643 1614 679 1654 1.
713 1611 747 1666 2)
778 1612 974 1655 Peliadas
1006 1612 1229 1669 impetrato
1269 1612 1393 1654 choro
1434 1612 1572 1655 docuit
1612 1612 1834 1669 Euripides

403 1713 562 1756 „quae
593 1699 785 1742 fabula
814 1699 869 1740 in
900 1702 1091 1742 conatu
1120 1698 1502 1741 restituendae
1529 1699 1834 1742 seniiuven-

399 1786 539 1828 tutis
593 1786 707 1829 fere
762 1790 880 1828 tota
934 1785 1306 1828 versabatur”.
1355 1786 1503 1828 Talem
1547 1785 1748 1828 historiae
1793 1789 1836 1828 et

400 1873 569 1915 fabulae
606 1873 898 1928 cognationem
938 1872 1018 1929 ipsi
1050 1871 1256 1928 Euripidi,
1289 1872 1324 1914 si
1354 1872 1459 1914 forte
1490 1872 1706 1927 revixerit,
1740 1886 1837 1915 nec-

399 1959 613 2015 opinatam
658 1959 745 2001 fore
781 1959 904 2001 credo
935 1962 976 2001 et
1007 1958 1181 2000 forsitan
1211 1962 1336 2015 poeta
1367 1959 1570 2001 acerrimo
1599 1958 1837 2014 indagatori

399 2045 552 2088 obiciat
587 2060 708 2088 senes
738 2046 831 2087 illos
861 2044 1144 2088 Athenienses
1174 2045 1359 2101 integros
1392 2060 1415 2088 e
1446 2059 1602 2102 pugna,
1634 2046 1836 2088 miserum

400 2132 564 2177 Peliam
620 2136 764 2175 contra
814 2132 1026 2175 frustatim
1072 2147 1128 2175 ex
1174 2135 1280 2175 aeno
1325 2132 1540 2189 prodiisse.
1609 2131 1670 2174 At
1715 2134 1839 2190 plura

401 2219 521 2261 nobis
566 2219 811 2261 afferuntur.
865 2218 1050 2273 „Eodem
1081 2233 1191 2262 anno
1221 2233 1303 2275 quo
1332 2220 1516 2275 primum
1546 2219 1592 2261 in
1621 2223 1837 2262 certamen

406 2304 667 2361 „Euripides,
699 2320 784 2348 non
814 2306 946 2348 celato
977 2305 1159 2360 nomine,
1191 2305 1405 2348 descendit
1429 2304 1690 2362 Aeschylum
1707 2320 1730 2348 e
1746 2306 1836 2349 vita

406 2392 653 2445 „decessisse
693 2392 905 2448 proditum
931 2396 995 2435 est
1024 2392 1263 2435 memoriae.
1298 2392 1436 2441 Quam
1453 2393 1505 2435 ob
1522 2406 1612 2435 rem
1625 2391 1836 2435 hereditas

450 2591 477 2636 ¹)
502 2591 615 2627 Thuc.
652 2591 680 2636 Ι,
720 2593 796 2635 105,
838 2593 914 2628 106.
941 2612 983 2619 --
1008 2592 1035 2638 ²)
1062 2591 1171 2627 Teste
1195 2591 1381 2638 Euripidis
1405 2590 1607 2637 biogropho
1631 2590 1701 2626 Ed.
1724 2590 1835 2626 Dind.

401 2661 452 2686 vs.
477 2651 523 2686 35
546 2659 623 2696 sqq.
1281 2650 1283 2652 ’
