2080 3314
1091 371 1142 411 78

401 494 550 536 thenes
569 491 619 547 1):
651 492 724 535 τόν
765 493 925 535 ἁλόντα
954 493 1203 551 ἐπ’ἆκουσίῳ
1233 492 1352 549 φόνῳ
1388 494 1435 536 ἔν
1468 505 1574 535 τισιν
1605 491 1835 550 εἰρημένοις

400 576 565 635 χρόνοις
611 576 818 620 ἀπελθεῖν
864 579 1020 637 τακτὴν
1067 578 1164 621 ὁδὸν
1210 578 1283 621 καὶ
1318 578 1499 634 φεύγειν,
1539 593 1665 636 quam
1695 579 1833 636 legem

401 661 708 722 οἷπενιαύτησιν
732 664 856 708 Plato
872 663 905 717 ²)
935 669 1068 709 vocat.
1101 666 1251 709 Eidem
1267 667 1353 722 legi
1368 670 1565 724 parentes
1580 665 1770 709 Theseus
1785 666 1833 722 ³),

401 752 653 795 Pallantidis
669 753 826 808 occisis,
843 756 886 795 et
903 752 1072 796 Orestes
1088 751 1139 810 ⁴),
1163 754 1408 811 priusquam
1425 753 1476 796 de
1491 757 1684 796 materna
1709 753 1835 797 caede

401 839 573 896 purgari
601 839 750 896 potuit,
782 854 971 882 annuum
1001 840 1178 883 exilium
1208 840 1439 883 subierunt.

459 929 591 971 Servo
638 927 858 970 interfecto
902 926 1084 970 Athenis
1127 927 1296 970 domino
1339 927 1648 970 interfectorem
1691 928 1836 984 γραφῇ

400 1012 554 1072 ὕβρεως
583 1014 861 1072 persequendi
889 1014 985 1070 lege
1014 1013 1191 1056 facultas
1220 1017 1311 1056 erat
1340 1013 1486 1056 eodem
1515 1013 1621 1068 iure,
1639 1027 1720 1070 quo
1741 1027 1836 1070 pro-

402 1103 550 1161 pinqui
578 1115 866 1158 percussorem
896 1100 1091 1157 persequi
1117 1101 1283 1155 licebat,
1315 1100 1366 1143 de
1397 1114 1480 1157 qua
1509 1114 1554 1143 re
1585 1099 1696 1156 apud
1710 1098 1835 1142 Anti-

402 1189 603 1247 phontem
657 1190 864 1229 oratorem
904 1187 1084 1242 legimus
1098 1185 1146 1240 ⁵):
1189 1184 1214 1242 ἡ
1248 1190 1399 1242 ψῆφος
1433 1184 1528 1226 ἴσον
1565 1184 1744 1228 δύναται
1777 1190 1837 1242 τῷ

400 1274 554 1317 δοῦλον
579 1272 876 1315 ἀποκτείναντι
899 1272 970 1314 καὶ
993 1272 1052 1327 τῷ
1064 1269 1307 1328 ἐλεύθερον.
1334 1272 1471 1321 Quam
1487 1273 1641 1316 obrem
1657 1273 1837 1316 Hecuba

403 1362 645 1420 Euripidea‚
675 1362 722 1403 in
751 1360 1085 1417 Agamemnonis
1101 1361 1346 1404 servitutem
1366 1361 1548 1416 redacta,
1564 1361 1677 1403 hunc
1691 1374 1836 1417 regem

402 1452 624 1494 obsecrans
653 1453 701 1491 ut
730 1449 783 1491 (16
812 1448 889 1490 filii
918 1449 983 1490 sui
1007 1462 1249 1505 percussore
1269 1463 1426 1506 poenas
1442 1452 1593 1503 sumat,
1614 1448 1681 1491 his
1696 1448 1836 1491 verbis

402 1539 554 1581 utitur:
590 1536 727 1594 „apud
752 1551 840 1591 vos,
872 1551 895 1579 o
925 1550 1016 1591 reX‚
1049 1540 1091 1578 et
1127 1536 1271 1578 liberis
1288 1539 1330 1578 et
1345 1536 1478 1578 servis
1494 1550 1629 1592 aequa
1643 1535 1695 1578 de
1711 1534 1836 1578 caede

402 1628 474 1669 lex
503 1625 728 1689 constituta
757 1623 847 1666 est'’
866 1622 913 1677 ⁶).
946 1623 1076 1665 Servo
1106 1638 1132 1665 a
1160 1622 1328 1665 domino
1357 1623 1468 1665 male
1497 1621 1642 1664 habito
1672 1621 1725 1664 ad.
1741 1637 1836 1665 aras

402 1714 575 1756 deorum
605 1711 828 1767 confugere
845 1710 1008 1753 licuisse
1023 1709 1143 1752 docet
1158 1709 1403 1766 Supplicum
1419 1709 1581 1752 chorus.
1606 1708 1637 1763 ⁷)
1652 1707 1835 1752 Athenis

403 1807 544 1847 autem
573 1798 822 1856 praesertim
851 1797 1005 1840 Thesei
1035 1796 1182 1839 aedem
1208 1796 1372 1852 asylum
1389 1796 1577 1852 fugitivis
1591 1796 1836 1853 praebuisse

402 1894 567 1933 veteres
593 1890 815 1931 testantur.
837 1885 871 1939 ⁸)

461 1975 530 2018 Ad
560 1974 675 2018 aliud
703 1973 807 2015 iuris
835 1971 1075 2013 institutum
1105 1971 1279 2013 fortasse
1314 1970 1534 2028 respicitur
1584 1970 1651 2012 his
1697 1970 1836 2014 verbis

402 2062 627 2106 Alcestidis
667 2061 768 2103 satis
804 2058 1011 2102 obscuris:
1057 2057 1187 2112 „mori
1222 2071 1292 2100 me
1331 2061 1506 2113 oportet,
1538 2057 1647 2114 quod
1676 2058 1835 2100 malum

402 2165 470 2193 me
509 2163 594 2191 non
628 2147 674 2189 in
714 2146 942 2188 crastinum
982 2158 1120 2200 neque
1158 2144 1203 2186 in
1233 2144 1406 2186 tertium
1435 2144 1593 2187 mensis
1622 2144 1734 2187 diem
1763 2144 1836 2188 sed

403 2236 545 2279 statim
589 2232 805 2277 invadet⁷'.
839 2230 873 2286 9)
932 2230 1165 2274 Artaudius
1208 2231 1254 2273 in
1294 2230 1419 2272 huius
1455 2230 1624 2274 fabulae
1653 2231 1834 2275 editione

449 2357 476 2404 ¹)
503 2356 605 2391 Dem.
632 2366 662 2390 c.
687 2353 863 2389 Aristocr.
888 2351 909 2398 ξ
932 2353 986 2388 72.
1011 2371 1058 2378 -
1077 2354 1107 2395 2)
1132 2351 1219 2397 Leg.
1244 2351 1307 2392 IX,
1331 2352 1399 2386 868
1425 2350 1470 2386 cf.
1495 2350 1558 2394 XI,
1582 2352 1652 2387 866
1674 2349 1720 2387 ef.
1743 2350 1834 2386 Xen.

399 2420 510 2457 Mem.
534 2419 562 2465 1,
587 2420 620 2463 3,
645 2420 699 2462 13,
723 2416 823 2452 Suid.
847 2416 871 2451 i.
895 2427 927 2451 v.
957 2413 1113 2463 ἐνιαυτῷ
1135 2414 1284 2462 φυγεῖν.
1309 2436 1352 2442 -
1376 2414 1405 2458 3)
1428 2415 1538 2461 Hipp.
1563 2417 1618 2451 37.

448 2482 478 2529 4)
505 2483 564 2519 Or.
592 2484 691 2518 1645.
716 2501 761 2508 —-
786 2481 812 2524 ⁵)
835 2480 989 2526 Antiph.
1013 2480 1060 2515 de
1083 2479 1352 2529 caede-Herod.
1378 2481 1435 2516 48.
1459 2501 1502 2507 -
1530 2479 1557 2524 ⁸)
1584 2479 1672 2516 Hec.
1695 2479 1776 2515 291.
1856 2524 1859 2528 ,

449 2545 479 2587 7)
504 2542 591 2578 Eur.
618 2541 742 2586 Suppl.
768 2541 848 2576 268.

449 2600 478 2647 8)
503 2600 596 2636 Plut.
642 2599 748 2634 Thes.
791 2600 846 2634 36.
886 2597 998 2634 Arist.
1038 2596 1106 2643 Eq.
1145 2598 1235 2633 1312
1271 2596 1317 2632 cf.
1353 2596 1532 2633 Becker
1570 2595 1676 2633 Char.
1713 2593 1832 2642 (1878)

402 2658 468 2703 ΙΙΙ,
495 2660 539 2695 35
564 2668 642 2705 sqq.
667 2676 710 2686 -
735 2658 763 2701 9)
788 2657 867 2693 Alc.
892 2658 971 2692 320.
