2080 3314
921 372 975 413 65

224 510 470 555 numquam,
517 495 858 554 frequentissime
906 497 1087 554 tragicos
1132 499 1392 542 mentionem
1431 498 1578 543 fecisse
1620 498 1672 543 de

224 583 420 643 pausatio
450 587 524 628 aut
552 584 726 629 tibicine
756 585 829 642 qui
859 586 1114 630 celeusmate
1144 586 1327 643 remiges
1356 586 1505 630 incitat
1522 580 1571 642 1).

227 759 229 764 ’
283 757 585 818 Antiquissimi
614 760 899 817 negotiatores
930 775 1016 804 non
1045 762 1226 819 pecunia
1255 761 1328 805 sed
1343 761 1548 805 mercium
1564 776 1674 805 com-

223 847 472 905 pensatione
517 862 658 891 emere
703 851 746 891 et
776 848 960 892 vendere
991 849 1196 905 solebant,
1238 853 1312 892 aut
1351 864 1428 907 pro
1463 849 1673 892 mercibus

224 948 377 979 aurum
431 939 711 992 argentumve
766 936 978 979 solventes
1032 936 1151 992 haec,
1203 937 1383 979 numis
1429 937 1674 994 signatis

223 1025 429 1080 carentes,
458 1022 713 1081 pendebant.
744 1021 954 1066 >Primum
984 1038 1210 1067 numorum
1240 1023 1479 1069 Atticorum
1505 1024 1674 1081 signum

224 1111 378 1155 bovem
433 1110 563 1154 fuisse
621 1111 878 1155 Plutarchus
911 1111 945 1167 2)
1007 1116 1165 1167 narrat,
1221 1112 1339 1155 cuius
1392 1112 1455 1155 rei
1499 1112 1675 1156 fortasse

226 1213 388 1243 memor
438 1197 702 1256 Aeschyleus
750 1203 887 1243 custos
932 1200 1073 1243 iocans
1119 1200 1271 1243 bovem
1317 1200 1508 1256 linguam
1555 1213 1675 1242 suam

226 1286 503 1344 comprimere
533 1286 657 1343 dicit;
688 1287 882 1331 mercede
912 1287 1027 1330 enim
1058 1291 1301 1345 corruptum
1331 1291 1494 1331 secreta
1509 1287 1677 1330 effutire

227 1374 401 1420 dedecet
419 1375 467 1432 ³).
514 1377 567 1420 In
597 1376 829 1421 Corinthiis
859 1378 1013 1434 numis,
1046 1378 1219 1421 Polluce
1250 1382 1420 1422 auctore
1441 1374 1490 1434 4),
1522 1377 1677 1434 Pegasi

227 1464 369 1522 imago
398 1479 601 1522 expressa
626 1469 731 1521 erat,
748 1480 879 1523 quare
894 1464 1034 1507 πῶλοι
1048 1466 1309 1521 dicebantur,
1327 1470 1375 1508 ut
1391 1465 1525 1509 Attici
1541 1465 1674 1520 numi,

226 1551 448 1596 Minervae
476 1552 665 1610 imagine
694 1553 897 1610 insignes,
924 1556 1142 1610 παρθένοι
1167 1554 1237 1597 vel
1261 1553 1386 1610 κόραι
1401 1553 1673 1596 vocabantur.

227 1638 411 1698 Utrique
440 1640 504 1684 rei
533 1640 667 1684 facete
697 1641 945 1685 libidinosus
977 1642 1124 1685 Sciron
1140 1641 1174 1696 5)
1206 1641 1369 1698 alludit,
1401 1641 1474 1685 ubi
1497 1641 1549 1685 de
1566 1642 1674 1685 caris

225 1725 459 1772 Corinthiis
512 1729 805 1772 meretricibus
861 1729 1060 1787 disputat.
1122 1729 1164 1772 N
1166 1744 1361 1773 umorum
1402 1743 1596 1772 cusorum
1632 1733 1675 1772 et

225 1815 488 1873 signatorum
517 1817 678 1860 mentio
707 1817 768 1873 fit,
800 1817 963 1874 quoties
991 1817 1110 1859 numi
1128 1817 1355 1860 adulterini
1371 1820 1673 1860 memorantur.

227 1901 298 1946 Sic
327 1917 485 1960 senem,
516 1904 590 1962 qui
620 1903 815 1948 Orestem
846 1904 947 1948 olim
977 1904 1105 1947 matri
1135 1904 1411 1960 subduxerat,
1442 1904 1488 1946 in
1503 1904 1674 1948 domum

226 1990 430 2035 redeunte
459 1993 600 2036 oculos
628 1992 884 2049 defigentem
913 1990 1251 2049 Agamemnonis
1267 1993 1378 2035 filius
1393 1997 1527 2049 rogat:
1551 1993 1677 2050 „quid

226 2091 297 2122 me
347 2079 525 2124 intueris
581 2083 799 2138 tamquam
847 2081 1014 2137 argenti
1061 2080 1231 2137 signum
1278 2080 1596 2138 contemplans''
1614 2080 1675 2135 6)“Ρ

228 2165 340 2224 quod
366 2166 399 2209 ii
428 2166 566 2211 facere
597 2167 734 2211 solent
764 2168 836 2225 qui
865 2167 1063 2211 dubitant
1100 2183 1155 2211 an
1187 2168 1306 2210 numi
1339 2168 1439 2211 boni
1465 2182 1551 2211 non
1577 2168 1675 2210 sint.

227 2253 362 2317 Numi
391 2254 619 2299 adulterini
635 2255 797 2300 Graece
812 2254 1003 2313 κίβδηλοι
1017 2252 1050 2312 ⁷)
1068 2256 1265 2301 dicuntur
1281 2257 1351 2299 vel
1366 2255 1612 2313 παράκοποι
1629 2256 1674 2314 8),

228 2342 381 2400 quibus
410 2343 552 2388 verbis
581 2345 732 2402 tragici
762 2345 929 2403 saepius
960 2345 1247 2403 metaphorice
1277 2349 1468 2389 utuntur.

275 2514 306 2564 1)
329 2515 358 2552 1.
382 2514 424 2552 T.
451 2515 541 2551 1125
565 2525 646 2563 sqq.
673 2516 774 2561 1405,
797 2515 881 2552 Hel.
906 2517 998 2553 1576
1023 2515 1070 2552 of.
1098 2503 1198 2560 1505,
1225 2515 1315 2552 Eur.
1339 2515 1398 2552 El.
1425 2516 1503 2553 435.

274 2574 305 2622 2)
331 2574 428 2611 Plut.
453 2574 562 2611 Thes.
586 2576 643 2611 25.
668 2594 713 2602 —-
736 2573 771 2621 ⁸)
795 2574 866 2622 Ag.
892 2576 948 2611 36.
976 2594 1017 2601 -
1042 2573 1075 2622 4)
1099 2574 1232 2611 Pollux
1255 2574 1319 2621 IX,
1345 2575 1390 2611 75

275 2632 307 2681 ⁵)
331 2635 418 2670 Eur.
442 2633 576 2681 fragm.
601 2635 680 2671 676.
708 2654 750 2660 -
776 2635 804 2678 ⁶)
829 2633 920 2672 Eur.
947 2633 1004 2670 El.
1030 2634 1109 2670 558.
1136 2653 1183 2661 -
1207 2631 1237 2680 ⁷)
1260 2633 1359 2675 Med.
1377 2635 1456 2680 516,
1473 2633 1584 2681 Hipp.
1598 2635 1678 2671 616.

275 2690 306 2742 8)
331 2693 452 2729 Ρ1·ο111.
477 2695 557 2740 581,
581 2692 716 2729 Bacch.
740 2693 796 2734 33,
822 2692 933 2739 Hipp.
958 2694 1039 2739 238,
1063 2692 1109 2729 cf.
1139 2693 1209 2739 Ag.
1234 2694 1314 2735 780,
1344 2692 1480 2728 Phoen.
1506 2694 1587 2729 805.

1519 2753 1540 2788 5
