2080 3314
913 344 974 385 67'

212 468 398 514 thracico
443 469 573 512 verbo
613 468 737 520 ζελοὶς
769 469 1024 514 nominatur.
1087 469 1140 512 In
1177 469 1440 513 Philoctetae
1471 470 1616 514 fabula
1632 470 1665 524 1)

213 556 355 600 insula
398 555 666 614 Peparethus
712 557 804 600 sine
849 571 978 601 causa
1017 561 1289 613 memoratur,
1330 556 1666 603 Atheniensibus

215 647 361 688 tamen
404 643 515 688 bene
559 648 673 700 nota,
721 644 877 702 quippe
922 658 1032 702 quae
1078 645 1226 688 vinum
1257 646 1477 702 egregium
1506 646 1666 701 tulerit,

215 731 327 790 quod
365 731 667 776 Demosthenis
683 729 717 787 2)
759 736 901 776 aetate
942 747 1076 790 usque
1112 733 1166 776 ad
1195 733 1382 776 Pontum
1413 734 1667 791 exportaba-

214 822 298 864 tur.
353 819 637 863 Frumentum
692 819 890 863 Italicum
906 815 940 875 3)
997 824 1039 863 et
1084 820 1286 877 silphium
1332 820 1542 878 Libycum
1562 820 1598 876 4)
1644 835 1670 863 a

216 905 424 965 Sophocle
453 906 695 951 laudantur.

276 1051 603 1097 Exterorum
643 1053 975 1110 populorum
1017 1067 1164 1096 more
1177 1068 1196 1095 s
1238 1057 1432 1097 accurate
1472 1054 1671 1112 descripti

219 1140 466 1196 recentiora,
508 1155 593 1184 non
623 1140 805 1196 heroica,
838 1145 1030 1198 tempora
1060 1145 1263 1198 spectant.
1301 1141 1442 1184 Mores
1474 1141 1670 1186 Orienta-

219 1227 295 1283 les,
351 1228 425 1286 qui
469 1243 565 1272 cum
604 1227 737 1272 Asiae
792 1229 1051 1272 coloniarum
1107 1229 1355 1293 commercio
1400 1233 1492 1272 tum
1539 1230 1668 1273 etiam

143 1328 145 1331 ’
219 1314 345 1358 bellis
383 1315 566 1359 Persicis
611 1316 784 1360 Graecis
828 1316 1115 1372 innotuerant,
1157 1317 1407 1374 plerumque
1445 1332 1471 1360 a
1500 1319 1671 1375 tragicis

221 1398 490 1446 damnantur.
518 1403 699 1461 Specula
714 1408 757 1447 et
772 1408 993 1461 unguenta
1007 1405 1178 1448 barbari
1196 1404 1436 1448 Orientales
1452 1410 1602 1448 curant
1618 1407 1671 1463 5);

221 1489 382 1534 braccis
441 1470 580 1534 induti
641 1495 740 1534 sunt
782 1489 836 1548 6);
897 1490 1140 1549 εὐμάριδας,
1198 1493 1474 1536 calceamenti
1522 1507 1671 1549 genus,

221 1582 392 1636 gestant
435 1579 518 1622 viri
533 1578 581 1635 ⁷),
627 1579 812 1623 feminae
852 1580 1045 1624 sandalia
1075 1595 1178 1624 auro
1217 1580 1416 1623 distincta
1441 1579 1495 1636 Β);
1528 1595 1675 1624 eorum

222 1670 362 1710 vestes
391 1667 565 1710 floribus
596 1672 770 1711 ornatae
800 1672 843 1712 et
873 1682 1003 1712 aurea
1014 1672 1269 1715 ,ornamenta
1284 1668 1501 1712 luxuriam
1517 1651 1675 1711 testan-

220 1758 292 1798 tur
306 1753 354 1811 ⁹).
386 1754 609 1799 Plumatili
629 1756 798 1800 flabello
814 1761 1034 1800 matronae
1050 1757 1131 1800 sibi
1148 1758 1370 1800 ventulum
1386 1757 1524 1800 facere
1541 1770 1673 1799 eunu-

223 1843 350 1888 chum
370 1843 596 1899 iubent10).
618 1843 941 1901 Consanguines
962 1845 1121 1902 nuptiis
1144 1845 1256 1888 inter
1267 1859 1311 1888 se
1322 1844 1443 1901 iungi
1455 1844 1592 1888 solent
1608 1843 1671 1900 11).

281 1932 381 1976 Rex
419 1931 609 1976 omnium
648 1931 826 1989 imperio
866 1947 943 1975 suo
983 1918 1267 1976 subiectorum
1298 1932 1492 1975 dominus
1528 1936 1592 1975 est
1609 1933 1672 1988 12),

225 2020 339 2064 unde
383 2023 499 2064 ortus
544 2023 609 2063 est
654 2019 859 2064 adorandi
913 2035 1017 2075 mos,
1075 2035 1201 2077 quem
1258 2020 1411 2063 Graeci
1466 2020 1675 2063 libertatis

225 2111 418 2152 amantes
447 2121 614 2165 semper
644 2107 897 2163 horrebant3
945 2122 999 2150 ne
1045 2122 1216 2150 servum
1248 2107 1419 2164 quidem
1456 2106 1674 2150 dominum

226 2209 351 2240 suum
380 2194 557 2239 adorare
585 2195 706 2238 decet
731 2195 796 2251 l3),
837 2195 955 2238 cuius
985 2199 1131 2238 tamen
1170 2195 1340 2238 honoris
1381 2194 1492 2252 quod
1523 2194 1676 2252 cupida

225 2285 294 2342 sit,
325 2284 521 2328 Helenae
550 2282 739 2327 Hecuba.
758 2283 1081 2340 indignabunda
1109 2283 1380 2326 conviciatur.
1430 2282 1495 2338 14).

276 2425 306 2473 1)
331 2423 427 2460 Phil.
460 2423 540 2458 548.
563 2442 610 2448 ——
633 2422 665 2468 2)
695 2421 790 2457 Adv.
822 2421 958 2457 Lacrit.
985 2432 1069 2467 pag.
1094 2422 1173 2467 935,
1199 2423 1230 2458 7.
1256 2420 1303 2457 cf.
1328 2422 1421 2458 Plin.
1447 2422 1510 2470 IV,
1538 2424 1591 2466 12,
1617 2425 1674 2461 23.

274 2487 304 2529 3)
328 2482 440 2528 Soph.
462 2481 594 2527 fragm.
619 2482 699 2517 529.
724 2500 769 2507 —
794 2481 823 2524 4)
850 2479 959 2526 Soph.
985 2480 1116 2526 fragm.
1141 2482 1221 2516 945.
1245 2500 1294 2507 —
1317 2482 1347 2523 5)
1373 2480 1432 2518 Or.
1460 2484 1562 2518 1111.

275 2547 304 2588 e)
328 2540 426 2588 cycl.
453 2541 530 2576 182.
555 2560 600 2566 —
624 2541 653 2586 τ)
681 2538 741 2575 or.
768 2541 859 2576 1370
883 2537 930 2574 cf.
954 2539 1054 2575 Pers.
1079 2541 1158 2576 660.
1185 2559 1228 2566 -
1254 2541 1287 2585 ε)
1314 2539 1375 2576 or.
1401 2542 1504 2577 1470.

276 2604 307 2648 ο)
331 2599 361 2637 1.
385 2598 430 2636 A.
454 2600 512 2641 74,
536 2597 658 2635 Troad
682 2599 762 2635 991.
787 2620 830 2626 —
856 2599 903 2645 10)
928 2597 988 2634 Or.
1016 2599 1116 2635 1426.
1141 2598 1188 2635 cf.
1215 2599 1314 2635 1528.
1330 2619 1375 2626 —
1390 2601 1436 2644 11)
1464 2599 1579 2638 Andr.
1598 2600 1676 2639 174.

277 2661 324 2705 12)
347 2658 428 2695 Hel.
452 2659 533 2696 276.
557 2677 603 2684 -
628 2658 674 2702 13)
699 2656 760 2693 Or.
787 2658 876 2693 1507
901 2667 953 2704 sq.
979 2676 1024 2684 -
1050 2656 1096 2704 14)
1120 2656 1252 2694 Troad.
1280 2659 1381 2695 1021.
