2080 3314
1087 394 1166 434 110

408 519 652 572 floruerunt,
688 518 933 560 memoriam
964 523 1215 562 renovantes
1245 519 1322 561 hoc
1353 533 1517 575 quoque
1546 519 1669 561 modo
1699 532 1841 561 recen-

408 606 525 648 tioris
555 605 705 648 aetatis
735 606 914 648 colorem
944 606 1098 648 fabulis
1128 607 1214 648 suis
1243 606 1509 649 inducebant.

465 692 563 735 Non
593 706 757 748 semper
788 695 928 734 autem
958 692 1103 734 furtim
1133 693 1311 735 aliorum
1343 692 1573 735 sententias
1602 692 1648 734 in
1678 692 1842 734 fabulas

408 779 667 821 transferunt
711 778 783 821 sed
827 779 992 835 saepius
1038 793 1082 821 se
1126 780 1349 836 proverbia
1394 780 1463 822 vel
1508 779 1618 821 dicta
1657 779 1711 822 ab
1749 779 1842 821 aliis

408 871 575 923 sumpta
602 865 775 907 laudare
812 866 1074 922 profitentur,
1092 863 1123 920 1)
1155 869 1196 908 et
1224 866 1484 922 praesertim,
1516 880 1645 922 quum
1675 865 1844 908 drama-

409 952 462 994 tis
516 964 719 1008 personae
769 963 813 991 se
866 950 1255 1006 perantiquam
1302 948 1336 1004 2)
1394 950 1647 992 sententiam
1693 948 1843 991 afferre

410 1039 566 1092 dicunt,
597 1037 766 1079 fabulae
797 1040 1045 1091 argumento
1075 1037 1317 1079 recentioris
1333 1040 1482 1093 poetae
1498 1051 1677 1093 persona
1691 1036 1842 1093 prodit.

412 1125 523 1174 Quid
552 1124 665 1167 enim
694 1137 843 1165 revera
872 1122 923 1164 de
954 1123 1103 1164 talium
1133 1123 1337 1165 dictorum
1367 1126 1576 1165 vetustate
1606 1123 1726 1165 nobis
1757 1136 1844 1164 cre-

410 1212 593 1255 dendum
624 1211 678 1252 sit
707 1209 808 1251 satis
838 1209 947 1251 clare
978 1213 1152 1266 apparet
1181 1210 1298 1251 miris
1334 1210 1416 1264 vel,
1447 1213 1495 1251 ut
1523 1209 1664 1251 verius
1693 1209 1843 1264 dicam,

410 1299 563 1355 ineptis
593 1295 824 1353 grandaevi
853 1294 1176 1352 Amphitryonis
1206 1296 1425 1353 Euripidei
1455 1296 1618 1338 verbis:
1655 1300 1845 1351 „vetus

412 1391 475 1431 est
504 1382 738 1442 quaedam'’
769 1383 907 1439 inquit
927 1382 960 1437 3)
995 1383 1131 1439 „apud
1167 1383 1391 1426 Thebanos
1422 1383 1535 1426 fama
1564 1384 1692 1426 olim
1721 1383 1846 1425 huius

412 1477 527 1518 urbis
571 1476 788 1518 dominum
831 1476 959 1518 fuisse
1004 1476 1167 1532 Lycum
1208 1475 1528 1532 quemdam.”
1571 1475 1675 1518 Mox
1703 1479 1846 1517 tamen

412 1564 598 1606 eiusdem
628 1563 734 1619 Lyci
764 1563 875 1605 filius
904 1564 950 1604 in
980 1564 1081 1606 flore
1111 1563 1262 1606 aetatis
1292 1563 1338 1605 in
1368 1577 1536 1605 scenam
1551 1562 1711 1619 prodit3
1729 1562 1846 1605 cuius

412 1655 532 1708 pater
562 1665 661 1706 ergo
701 1650 1023 1707 Amphitryonis
1054 1651 1240 1707 aequalis
1270 1651 1362 1692 fuit.
1422 1650 1535 1692 Illud
1563 1654 1689 1706 γέρων
1726 1647 1848 1703 λόγος

412 1740 562 1800 igitur,
595 1739 738 1795 inepte
773 1739 928 1780 dictum
960 1738 1069 1795 quod
1099 1738 1152 1780 ad
1181 1739 1368 1780 fabulam
1397 1738 1533 1794 ipsam
1564 1737 1727 1791 attinet,
1759 1737 1847 1779 sola

414 1826 624 1883 scriptoris
655 1829 696 1868 et
726 1829 1004 1882 spectatorum
1033 1830 1225 1882 tempora
1253 1825 1433 1882 respicit.

471 1913 606 1955 Multo
644 1914 768 1969 plura
807 1917 947 1955 autem
976 1913 1199 1969 proverbia
1228 1913 1489 1968 aliorumque
1518 1912 1651 1954 claras
1681 1914 1847 1954 senten-

413 2001 494 2042 tias
523 2001 569 2041 in
598 2000 852 2055 tragicorum
882 2000 1034 2041 fabulis
1050 2000 1181 2041 latere
1197 2014 1323 2056 quam
1338 1999 1462 2041 hodie
1478 1998 1559 2040 viri
1574 1998 1682 2041 docti
1699 2012 1847 2041 eruere

413 2089 573 2145 possint
602 2088 724 2130 facile
754 2092 816 2129 est
847 2088 900 2129 ad
929 2086 1309 2129 demonstrandum.
1346 2085 1570 2140 „Hostium
1599 2084 1707 2127 dona
1737 2084 1847 2127 emo-

414 2177 652 2218 lumentum
697 2190 782 2218 non
826 2174 1034 2217 afferunt''
1081 2174 1232 2216 Medea
1276 2174 1497 2227 exclamat,
1515 2170 1545 2226 4)
1592 2186 1717 2228 quam
1753 2185 1846 2214 sen-

415 2254 592 2306 tentiam
632 2263 844 2319 proverbii
887 2263 1024 2305 locum
1055 2262 1284 2304 obtinuisse
1314 2274 1437 2303 nemo
1467 2259 1737 2302 contenderet
1765 2257 1847 2299 nisi

416 2351 640 2408 Sophocles
674 2350 707 2405 ⁵)
739 2350 874 2392 eidem
905 2349 1138 2392 sententiae
1175 2349 1328 2390 allatae
1359 2347 1584 2389 addidisset
1598 2346 1702 2388 haec
1717 2344 1848 2387 verba
1920 2351 1924 2355 '

415 2439 635 2497 proverbio
650 2438 919 2480 increbuisse.
936 2437 1055 2479 Idem
1070 2437 1184 2479 valet
1194 2436 1267 2493 ubi
1278 2436 1408 2478 semel
1418 2434 1529 2492 apud
1539 2432 1798 2497 Aeschylum
1813 2430 1846 2486 ⁶)

465 2595 492 2639 ι)
517 2575 581 2639 Ag.
605 2595 686 2636 264,
711 2592 750 2629 o.
775 2594 812 2628 c.
837 2594 913 2637 139,
939 2591 1026 2626 Eur.
1050 2591 1179 2636 fragm.
1204 2592 1284 2635 223,
1309 2590 1387 2625 664.

464 2653 494 2698 2)
522 2653 607 2687 Cho.
634 2654 714 2692 313,
738 2651 808 2697 Ag.
833 2653 911 2695 750,
936 2650 1070 2685 Phoen.
1095 2650 1174 2693 438,
1198 2648 1284 2684 Eur.
1314 2647 1445 2693 fragm.
1466 2647 1522 2691 25,
1546 2646 1625 2691 344,
1648 2645 1727 2680 511.

467 2711 492 2756 ³)
518 2710 624 2747 Herc.
648 2709 735 2744 Fur.
760 2711 816 2745 26.
848 2729 887 2735 -
913 2708 940 2751 ⁴)
967 2707 1064 2743 Med.
1089 2708 1167 2743 618.
1192 2726 1236 2733 —
1261 2705 1287 2749 5)
1315 2705 1373 2740 Ai.
1398 2705 1476 2741 664.
1504 2723 1546 2730 —
1569 2703 1602 2748 ⁶)
1627 2702 1696 2748 Ag.
1724 2702 1824 2738 1668.
