<?xml version="1.0" encoding="UTF-8"?>
<!DOCTYPE html PUBLIC "-//W3C//DTD XHTML 1.0 Transitional//EN"
    "http://www.w3.org/TR/xhtml1/DTD/xhtml1-transitional.dtd">
<html xmlns="http://www.w3.org/1999/xhtml" xml:lang="en" lang="en">
 <head>
  <title>
</title>
<meta http-equiv="Content-Type" content="text/html;charset=utf-8" />
  <meta name='ocr-system' content='tesseract 3.04.00' />
  <meta name='ocr-capabilities' content='ocr_page ocr_carea ocr_par ocr_line ocrx_word'/>
</head>
<body>
  <div class='ocr_page' id='page_1' title='image "./detragicorumanac00striuoft_0070.png"; bbox 0 0 2080 3314; ppageno 0'>
   <div class='ocr_carea' id='block_1_1' title="bbox 1107 419 1161 463">
    <p class='ocr_par' dir='ltr' id='par_1_1' title="bbox 1107 419 1161 463">
     <span class='ocr_line' id='line_1_1' title="bbox 1107 419 1161 463; baseline 0 0"><span class='ocrx_word' id='word_1_1' title='bbox 1107 419 1161 463; x_wconf 87' lang='lat'>58</span> 
     </span>
    </p>
   </div>
   <div class='ocr_carea' id='block_1_2' title="bbox 413 543 1849 1038">
    <p class='ocr_par' dir='ltr' id='par_1_2' title="bbox 413 543 1849 1038">
     <span class='ocr_line' id='line_1_2' title="bbox 415 543 1849 605; baseline 0.006 -20"><span class='ocrx_word' id='word_1_2' title='bbox 415 543 501 586; x_wconf 84' lang='lat' dir='ltr'>tam</span> <span class='ocrx_word' id='word_1_3' title='bbox 533 543 794 600; x_wconf 82' lang='lat' dir='ltr'>frequentem</span> <span class='ocrx_word' id='word_1_4' title='bbox 825 548 1258 591; x_wconf 76' lang='lat' dir='ltr'>commemorationem</span> <span class='ocrx_word' id='word_1_5' title='bbox 1289 548 1486 602; x_wconf 86' lang='lat' dir='ltr'>locorum,</span> <span class='ocrx_word' id='word_1_6' title='bbox 1545 547 1758 605; x_wconf 81' lang='lat' dir='ltr'>Strymoni</span> <span class='ocrx_word' id='word_1_7' title='bbox 1806 551 1849 593; x_wconf 85' lang='lat' dir='ltr'>et</span> 
     </span>
     <span class='ocr_line' id='line_1_3' title="bbox 415 631 1846 687; baseline 0.003 -13"><span class='ocrx_word' id='word_1_8' title='bbox 415 631 613 687; x_wconf 87' lang='lat' dir='ltr'>Pangaeo</span> <span class='ocrx_word' id='word_1_9' title='bbox 658 632 790 674; x_wconf 90' lang='lat' dir='ltr'>monti</span> <span class='ocrx_word' id='word_1_10' title='bbox 835 631 1128 687; x_wconf 83' lang='lat' dir='ltr'>adiacentium,</span> <span class='ocrx_word' id='word_1_11' title='bbox 1161 648 1245 676; x_wconf 92' lang='lat' dir='ltr'>non</span> <span class='ocrx_word' id='word_1_12' title='bbox 1285 634 1374 676; x_wconf 85' lang='lat' dir='ltr'>sine</span> <span class='ocrx_word' id='word_1_13' title='bbox 1415 649 1540 676; x_wconf 90' lang='lat' dir='ltr'>causa</span> <span class='ocrx_word' id='word_1_14' title='bbox 1571 634 1724 677; x_wconf 86' lang='lat' dir='ltr'>factam</span> <span class='ocrx_word' id='word_1_15' title='bbox 1755 651 1846 680; x_wconf 87' lang='lat' dir='ltr'>esse</span> 
     </span>
     <span class='ocr_line' id='line_1_4' title="bbox 414 716 1847 778; baseline 0.003 -18"><span class='ocrx_word' id='word_1_16' title='bbox 414 718 644 761; x_wconf 88' lang='lat' dir='ltr'>credamus.</span> <span class='ocrx_word' id='word_1_17' title='bbox 690 718 973 762; x_wconf 82' lang='lat' dir='ltr'>Athenienses</span> <span class='ocrx_word' id='word_1_18' title='bbox 1004 721 1129 774; x_wconf 86' lang='lat' dir='ltr'>enim,</span> <span class='ocrx_word' id='word_1_19' title='bbox 1170 724 1351 764; x_wconf 86' lang='lat' dir='ltr'>testante</span> <span class='ocrx_word' id='word_1_20' title='bbox 1393 721 1637 778; x_wconf 82' lang='lat' dir='ltr'>Thucydide</span> <span class='ocrx_word' id='word_1_21' title='bbox 1656 716 1701 777; x_wconf 79' lang='lat' dir='ltr'>l)‚</span> <span class='ocrx_word' id='word_1_22' title='bbox 1734 737 1847 766; x_wconf 89' lang='lat' dir='ltr'>anno</span> 
     </span>
     <span class='ocr_line' id='line_1_5' title="bbox 416 805 1845 863; baseline 0.005 -17"><span class='ocrx_word' id='word_1_23' title='bbox 416 806 498 847; x_wconf 82' lang='lat'>467</span> <span class='ocrx_word' id='word_1_24' title='bbox 539 805 707 847; x_wconf 86' lang='lat' dir='ltr'>Thasiis</span> <span class='ocrx_word' id='word_1_25' title='bbox 737 805 870 861; x_wconf 81' lang='lat' dir='ltr'>vietis,</span> <span class='ocrx_word' id='word_1_26' title='bbox 902 807 955 849; x_wconf 93' lang='lat' dir='ltr'>ad</span> <span class='ocrx_word' id='word_1_27' title='bbox 986 806 1239 863; x_wconf 82' lang='lat' dir='ltr'>Strymonen</span> <span class='ocrx_word' id='word_1_28' title='bbox 1269 807 1411 851; x_wconf 90' lang='lat' dir='ltr'>decem</span> <span class='ocrx_word' id='word_1_29' title='bbox 1442 807 1577 851; x_wconf 83' lang='lat' dir='ltr'>millia</span> <span class='ocrx_word' id='word_1_30' title='bbox 1605 810 1845 853; x_wconf 74' lang='lat' dir='ltr'>colonorUm</span> 
     </span>
     <span class='ocr_line' id='line_1_6' title="bbox 413 876 1849 951; baseline 0.003 -17"><span class='ocrx_word' id='word_1_31' title='bbox 413 894 616 935; x_wconf 84' lang='lat' dir='ltr'>miserant</span> <span class='ocrx_word' id='word_1_32' title='bbox 669 896 886 949; x_wconf 86' lang='lat' dir='ltr'>terrasque</span> <span class='ocrx_word' id='word_1_33' title='bbox 946 893 1148 936; x_wconf 85' lang='lat' dir='ltr'>auriferas</span> <span class='ocrx_word' id='word_1_34' title='bbox 1203 876 1519 951; x_wconf 88' lang='lat' dir='ltr'>occupaverant.</span> <span class='ocrx_word' id='word_1_35' title='bbox 1576 894 1679 938; x_wconf 83' lang='lat' dir='ltr'>Post</span> <span class='ocrx_word' id='word_1_36' title='bbox 1736 894 1849 940; x_wconf 92' lang='lat' dir='ltr'>hunc</span> 
     </span>
     <span class='ocr_line' id='line_1_7' title="bbox 414 980 1848 1038; baseline 0.003 -17"><span class='ocrx_word' id='word_1_37' title='bbox 414 981 544 1036; x_wconf 84' lang='lat' dir='ltr'>igitur</span> <span class='ocrx_word' id='word_1_38' title='bbox 588 995 746 1022; x_wconf 88' lang='lat' dir='ltr'>annum</span> <span class='ocrx_word' id='word_1_39' title='bbox 792 980 924 1023; x_wconf 86' lang='lat' dir='ltr'>Rhesi</span> <span class='ocrx_word' id='word_1_40' title='bbox 969 981 1124 1035; x_wconf 86' lang='lat' dir='ltr'>fabula,</span> <span class='ocrx_word' id='word_1_41' title='bbox 1171 981 1222 1024; x_wconf 92' lang='lat' dir='ltr'>de</span> <span class='ocrx_word' id='word_1_42' title='bbox 1268 996 1351 1038; x_wconf 89' lang='lat' dir='ltr'>qua</span> <span class='ocrx_word' id='word_1_43' title='bbox 1396 982 1561 1038; x_wconf 90' lang='lat' dir='ltr'>quando</span> <span class='ocrx_word' id='word_1_44' title='bbox 1606 982 1651 1025; x_wconf 92' lang='lat' dir='ltr'>in</span> <span class='ocrx_word' id='word_1_45' title='bbox 1681 997 1848 1026; x_wconf 84' lang='lat' dir='ltr'>scenam</span> 
     </span>
    </p>
   </div>
   <div class='ocr_carea' id='block_1_3' title="bbox 414 1067 1516 1122">
    <p class='ocr_par' dir='ltr' id='par_1_3' title="bbox 414 1067 1516 1122">
     <span class='ocr_line' id='line_1_8' title="bbox 414 1067 1516 1122; baseline -0.001 -11"><span class='ocrx_word' id='word_1_46' title='bbox 414 1067 635 1111; x_wconf 87' lang='lat' dir='ltr'>commissa</span> <span class='ocrx_word' id='word_1_47' title='bbox 664 1067 717 1111; x_wconf 88' lang='lat' dir='ltr'>sit</span> <span class='ocrx_word' id='word_1_48' title='bbox 746 1081 831 1110; x_wconf 91' lang='lat' dir='ltr'>non</span> <span class='ocrx_word' id='word_1_49' title='bbox 861 1071 1034 1122; x_wconf 86' lang='lat' dir='ltr'>constat,</span> <span class='ocrx_word' id='word_1_50' title='bbox 1066 1067 1187 1111; x_wconf 88' lang='lat' dir='ltr'>docta</span> <span class='ocrx_word' id='word_1_51' title='bbox 1217 1082 1307 1110; x_wconf 91' lang='lat' dir='ltr'>esse</span> <span class='ocrx_word' id='word_1_52' title='bbox 1337 1067 1516 1110; x_wconf 86' lang='lat' dir='ltr'>videtur.</span> 
     </span>
    </p>
   </div>
   <div class='ocr_carea' id='block_1_4' title="bbox 415 1239 1852 2426">
    <p class='ocr_par' dir='ltr' id='par_1_4' title="bbox 415 1239 1852 2426">
     <span class='ocr_line' id='line_1_9' title="bbox 473 1239 1850 1298; baseline 0.002 -15"><span class='ocrx_word' id='word_1_53' title='bbox 473 1241 612 1291; x_wconf 83' lang='lat' dir='ltr'>Quum</span> <span class='ocrx_word' id='word_1_54' title='bbox 643 1240 839 1298; x_wconf 84' lang='lat' dir='ltr'>Europae</span> <span class='ocrx_word' id='word_1_55' title='bbox 869 1245 1009 1298; x_wconf 87' lang='lat' dir='ltr'>partes</span> <span class='ocrx_word' id='word_1_56' title='bbox 1039 1245 1263 1298; x_wconf 83' lang='lat' dir='ltr'>vergentes</span> <span class='ocrx_word' id='word_1_57' title='bbox 1295 1242 1347 1284; x_wconf 85' lang='lat' dir='ltr'>ad</span> <span class='ocrx_word' id='word_1_58' title='bbox 1377 1242 1632 1285; x_wconf 88' lang='lat' dir='ltr'>occidentem</span> <span class='ocrx_word' id='word_1_59' title='bbox 1663 1239 1850 1287; x_wconf 88' lang='lat' dir='ltr'>Homero</span> 
     </span>
     <span class='ocr_line' id='line_1_10' title="bbox 415 1326 1850 1386; baseline 0.001 -16"><span class='ocrx_word' id='word_1_60' title='bbox 415 1343 582 1386; x_wconf 89' lang='lat' dir='ltr'>prorsus</span> <span class='ocrx_word' id='word_1_61' title='bbox 612 1329 781 1384; x_wconf 83' lang='lat' dir='ltr'>ignotae</span> <span class='ocrx_word' id='word_1_62' title='bbox 798 1332 950 1382; x_wconf 84' lang='lat' dir='ltr'>essent,</span> <span class='ocrx_word' id='word_1_63' title='bbox 971 1328 1082 1370; x_wconf 87' lang='lat' dir='ltr'>inter</span> <span class='ocrx_word' id='word_1_64' title='bbox 1097 1328 1193 1370; x_wconf 89' lang='lat' dir='ltr'>illas</span> <span class='ocrx_word' id='word_1_65' title='bbox 1209 1328 1419 1370; x_wconf 88' lang='lat' dir='ltr'>fabulosas</span> <span class='ocrx_word' id='word_1_66' title='bbox 1435 1328 1629 1384; x_wconf 86' lang='lat' dir='ltr'>regiones</span> <span class='ocrx_word' id='word_1_67' title='bbox 1661 1326 1850 1372; x_wconf 84' lang='lat' dir='ltr'>Italiae</span> 
     </span>
     <span class='ocr_line' id='line_1_11' title="bbox 415 1415 1851 1473; baseline 0.001 -16"><span class='ocrx_word' id='word_1_68' title='bbox 415 1430 569 1458; x_wconf 91' lang='lat' dir='ltr'>nomen</span> <span class='ocrx_word' id='word_1_69' title='bbox 608 1415 764 1458; x_wconf 90' lang='lat' dir='ltr'>frustra</span> <span class='ocrx_word' id='word_1_70' title='bbox 803 1431 877 1458; x_wconf 87' lang='lat' dir='ltr'>nos</span> <span class='ocrx_word' id='word_1_71' title='bbox 908 1420 1110 1473; x_wconf 89' lang='lat' dir='ltr'>qu&#39;aerere</span> <span class='ocrx_word' id='word_1_72' title='bbox 1139 1431 1216 1473; x_wconf 88' lang='lat' dir='ltr'>par</span> <span class='ocrx_word' id='word_1_73' title='bbox 1247 1421 1321 1459; x_wconf 89' lang='lat' dir='ltr'>est.</span> <span class='ocrx_word' id='word_1_74' title='bbox 1360 1417 1564 1460; x_wconf 87' lang='lat' dir='ltr'>Attamen</span> <span class='ocrx_word' id='word_1_75' title='bbox 1593 1417 1851 1459; x_wconf 86' lang='lat' dir='ltr'>frumentum</span> 
     </span>
     <span class='ocr_line' id='line_1_12' title="bbox 415 1503 1851 1560; baseline 0.001 -16"><span class='ocrx_word' id='word_1_76' title='bbox 415 1503 609 1545; x_wconf 91' lang='lat' dir='ltr'>Italicum</span> <span class='ocrx_word' id='word_1_77' title='bbox 650 1507 748 1545; x_wconf 91' lang='lat' dir='ltr'>ante</span> <span class='ocrx_word' id='word_1_78' title='bbox 793 1503 934 1545; x_wconf 91' lang='lat' dir='ltr'>omnia</span> <span class='ocrx_word' id='word_1_79' title='bbox 980 1503 1203 1560; x_wconf 83' lang='lat' dir='ltr'>Sophocles</span> <span class='ocrx_word' id='word_1_80' title='bbox 1242 1504 1479 1547; x_wconf 89' lang='lat' dir='ltr'>laudavisse</span> <span class='ocrx_word' id='word_1_81' title='bbox 1509 1505 1554 1546; x_wconf 90' lang='lat' dir='ltr'>in</span> <span class='ocrx_word' id='word_1_82' title='bbox 1584 1505 1728 1547; x_wconf 87' lang='lat' dir='ltr'>fabula</span> <span class='ocrx_word' id='word_1_83' title='bbox 1758 1504 1851 1546; x_wconf 84' lang='lat' dir='ltr'>Tri-</span> 
     </span>
     <span class='ocr_line' id='line_1_13' title="bbox 415 1588 1850 1646; baseline 0.001 -15"><span class='ocrx_word' id='word_1_84' title='bbox 415 1590 597 1646; x_wconf 90' lang='lat' dir='ltr'>ptolemo</span> <span class='ocrx_word' id='word_1_85' title='bbox 657 1588 822 1631; x_wconf 91' lang='lat' dir='ltr'>Plinius</span> <span class='ocrx_word' id='word_1_86' title='bbox 868 1594 1011 1632; x_wconf 94' lang='lat' dir='ltr'>auctor</span> <span class='ocrx_word' id='word_1_87' title='bbox 1056 1594 1131 1632; x_wconf 88' lang='lat' dir='ltr'>est.</span> <span class='ocrx_word' id='word_1_88' title='bbox 1165 1590 1198 1644; x_wconf 75' lang='grc'>2)</span> <span class='ocrx_word' id='word_1_89' title='bbox 1249 1590 1445 1633; x_wconf 87' lang='lat' dir='ltr'>Nobilem</span> <span class='ocrx_word' id='word_1_90' title='bbox 1495 1591 1646 1633; x_wconf 82' lang='lat' dir='ltr'>Italiae</span> <span class='ocrx_word' id='word_1_91' title='bbox 1692 1594 1850 1633; x_wconf 87' lang='lat' dir='ltr'>terram</span> 
     </span>
     <span class='ocr_line' id='line_1_14' title="bbox 415 1673 1851 1732; baseline 0.001 -15"><span class='ocrx_word' id='word_1_92' title='bbox 415 1676 606 1718; x_wconf 90' lang='lat' dir='ltr'>Bacchus</span> <span class='ocrx_word' id='word_1_93' title='bbox 651 1676 784 1718; x_wconf 92' lang='lat' dir='ltr'>colere</span> <span class='ocrx_word' id='word_1_94' title='bbox 805 1673 838 1730; x_wconf 83' lang='lat'>3)</span> <span class='ocrx_word' id='word_1_95' title='bbox 885 1676 938 1718; x_wconf 87' lang='lat' dir='ltr'>ab</span> <span class='ocrx_word' id='word_1_96' title='bbox 985 1675 1130 1718; x_wconf 89' lang='lat' dir='ltr'>eodem</span> <span class='ocrx_word' id='word_1_97' title='bbox 1170 1680 1294 1732; x_wconf 89' lang='lat' dir='ltr'>poeta</span> <span class='ocrx_word' id='word_1_98' title='bbox 1334 1677 1497 1731; x_wconf 81' lang='lat' dir='ltr'>dicitur,</span> <span class='ocrx_word' id='word_1_99' title='bbox 1544 1677 1647 1720; x_wconf 87' lang='lat' dir='ltr'>duas</span> <span class='ocrx_word' id='word_1_100' title='bbox 1677 1676 1851 1719; x_wconf 84' lang='lat' dir='ltr'>fortasse</span> 
     </span>
     <span class='ocr_line' id='line_1_15' title="bbox 415 1762 1851 1818; baseline 0.001 -14"><span class='ocrx_word' id='word_1_101' title='bbox 415 1763 467 1811; x_wconf 90' lang='lat' dir='ltr'>ob</span> <span class='ocrx_word' id='word_1_102' title='bbox 513 1777 671 1816; x_wconf 78' lang='lat' dir='ltr'>causaS‚</span> <span class='ocrx_word' id='word_1_103' title='bbox 704 1777 798 1804; x_wconf 93' lang='lat' dir='ltr'>cum</span> <span class='ocrx_word' id='word_1_104' title='bbox 839 1762 938 1818; x_wconf 92' lang='lat' dir='ltr'>quia</span> <span class='ocrx_word' id='word_1_105' title='bbox 978 1762 1067 1804; x_wconf 87' lang='lat' dir='ltr'>vini</span> <span class='ocrx_word' id='word_1_106' title='bbox 1099 1767 1188 1805; x_wconf 90' lang='lat' dir='ltr'>erat</span> <span class='ocrx_word' id='word_1_107' title='bbox 1219 1763 1490 1818; x_wconf 86' lang='lat' dir='ltr'>feracissima,</span> <span class='ocrx_word' id='word_1_108' title='bbox 1522 1767 1569 1804; x_wconf 88' lang='lat' dir='ltr'>ut</span> <span class='ocrx_word' id='word_1_109' title='bbox 1600 1762 1851 1805; x_wconf 83' lang='lat' dir='ltr'>Scholiastes</span> 
     </span>
     <span class='ocr_line' id='line_1_16' title="bbox 416 1848 1852 1906; baseline 0 -14"><span class='ocrx_word' id='word_1_110' title='bbox 416 1850 612 1906; x_wconf 84' lang='lat' dir='ltr'>explicat,</span> <span class='ocrx_word' id='word_1_111' title='bbox 658 1854 748 1891; x_wconf 87' lang='lat' dir='ltr'>tum</span> <span class='ocrx_word' id='word_1_112' title='bbox 779 1850 890 1906; x_wconf 86' lang='lat' dir='ltr'>quia,</span> <span class='ocrx_word' id='word_1_113' title='bbox 932 1848 1261 1892; x_wconf 88' lang='lat' dir='ltr'>Atheniensium</span> <span class='ocrx_word' id='word_1_114' title='bbox 1301 1850 1466 1892; x_wconf 86' lang='lat' dir='ltr'>colonia</span> <span class='ocrx_word' id='word_1_115' title='bbox 1507 1865 1641 1906; x_wconf 88' lang='lat' dir='ltr'>nuper</span> <span class='ocrx_word' id='word_1_116' title='bbox 1671 1850 1852 1892; x_wconf 87' lang='lat' dir='ltr'>Thurios</span> 
     </span>
     <span class='ocr_line' id='line_1_17' title="bbox 416 1937 1852 1993; baseline 0 -14"><span class='ocrx_word' id='word_1_117' title='bbox 416 1937 605 1991; x_wconf 86' lang='lat' dir='ltr'>deducta,</span> <span class='ocrx_word' id='word_1_118' title='bbox 622 1937 655 1991; x_wconf 76' lang='grc'>4)</span> <span class='ocrx_word' id='word_1_119' title='bbox 695 1938 820 1979; x_wconf 88' lang='lat' dir='ltr'>huius</span> <span class='ocrx_word' id='word_1_120' title='bbox 861 1941 998 1979; x_wconf 87' lang='lat' dir='ltr'>terrae</span> <span class='ocrx_word' id='word_1_121' title='bbox 1035 1938 1373 1979; x_wconf 90' lang='lat' dir='ltr'>commemoratio</span> <span class='ocrx_word' id='word_1_122' title='bbox 1403 1941 1526 1993; x_wconf 85' lang='lat' dir='ltr'>grata</span> <span class='ocrx_word' id='word_1_123' title='bbox 1563 1941 1653 1979; x_wconf 83' lang='lat' dir='ltr'>erat</span> <span class='ocrx_word' id='word_1_124' title='bbox 1683 1937 1852 1979; x_wconf 85' lang='lat' dir='ltr'>fabulae</span> 
     </span>
     <span class='ocr_line' id='line_1_18' title="bbox 417 2023 1852 2080; baseline 0 -16"><span class='ocrx_word' id='word_1_125' title='bbox 417 2024 729 2079; x_wconf 84' lang='lat' dir='ltr'>spectatoribus.</span> <span class='ocrx_word' id='word_1_126' title='bbox 787 2024 988 2066; x_wconf 85' lang='lat' dir='ltr'>Troiades</span> <span class='ocrx_word' id='word_1_127' title='bbox 1039 2023 1226 2080; x_wconf 82' lang='lat' dir='ltr'>captivas</span> <span class='ocrx_word' id='word_1_128' title='bbox 1272 2023 1449 2066; x_wconf 90' lang='lat' dir='ltr'>eandem</span> <span class='ocrx_word' id='word_1_129' title='bbox 1495 2024 1548 2066; x_wconf 91' lang='lat' dir='ltr'>ob</span> <span class='ocrx_word' id='word_1_130' title='bbox 1594 2038 1762 2066; x_wconf 89' lang='lat' dir='ltr'>causam</span> <span class='ocrx_word' id='word_1_131' title='bbox 1806 2023 1852 2064; x_wconf 88' lang='lat' dir='ltr'>in</span> 
     </span>
     <span class='ocr_line' id='line_1_19' title="bbox 417 2109 1852 2166; baseline -0.001 -14"><span class='ocrx_word' id='word_1_132' title='bbox 417 2111 586 2153; x_wconf 88' lang='lat' dir='ltr'>Italiam</span> <span class='ocrx_word' id='word_1_133' title='bbox 627 2125 671 2153; x_wconf 87' lang='lat' dir='ltr'>se</span> <span class='ocrx_word' id='word_1_134' title='bbox 713 2111 937 2153; x_wconf 85' lang='lat' dir='ltr'>abductum</span> <span class='ocrx_word' id='word_1_135' title='bbox 977 2110 1030 2151; x_wconf 90' lang='lat' dir='ltr'>iri</span> <span class='ocrx_word' id='word_1_136' title='bbox 1070 2114 1286 2166; x_wconf 87' lang='lat' dir='ltr'>sperantes</span> <span class='ocrx_word' id='word_1_137' title='bbox 1330 2110 1502 2152; x_wconf 83' lang='lat' dir='ltr'>finxisse</span> <span class='ocrx_word' id='word_1_138' title='bbox 1532 2109 1699 2152; x_wconf 87' lang='lat' dir='ltr'>videtur</span> <span class='ocrx_word' id='word_1_139' title='bbox 1729 2109 1852 2151; x_wconf 85' lang='lat' dir='ltr'>Euri-</span> 
     </span>
     <span class='ocr_line' id='line_1_20' title="bbox 416 2197 1852 2255; baseline 0 -16"><span class='ocrx_word' id='word_1_140' title='bbox 416 2198 586 2255; x_wconf 69' lang='lat' dir='ltr'>pides⁷’).</span> <span class='ocrx_word' id='word_1_141' title='bbox 604 2197 733 2254; x_wconf 88' lang='lat' dir='ltr'>Apud</span> <span class='ocrx_word' id='word_1_142' title='bbox 755 2197 936 2240; x_wconf 81' lang='lat' dir='ltr'>Graecos</span> <span class='ocrx_word' id='word_1_143' title='bbox 953 2197 1141 2239; x_wconf 91' lang='lat' dir='ltr'>Homero</span> <span class='ocrx_word' id='word_1_144' title='bbox 1157 2197 1419 2251; x_wconf 85' lang='lat' dir='ltr'>recentiores,</span> <span class='ocrx_word' id='word_1_145' title='bbox 1438 2197 1580 2253; x_wconf 88' lang='lat' dir='ltr'>itaque</span> <span class='ocrx_word' id='word_1_146' title='bbox 1598 2197 1710 2254; x_wconf 88' lang='lat' dir='ltr'>apud</span> <span class='ocrx_word' id='word_1_147' title='bbox 1724 2197 1852 2253; x_wconf 82' lang='lat' dir='ltr'>tragi-</span> 
     </span>
     <span class='ocr_line' id='line_1_21' title="bbox 417 2283 1852 2339; baseline -0.001 -14"><span class='ocrx_word' id='word_1_148' title='bbox 417 2298 496 2338; x_wconf 81' lang='lat' dir='ltr'>cos,</span> <span class='ocrx_word' id='word_1_149' title='bbox 510 2298 664 2325; x_wconf 92' lang='lat' dir='ltr'>nomen</span> <span class='ocrx_word' id='word_1_150' title='bbox 684 2284 716 2325; x_wconf 92' lang='lat' dir='ltr'><em>I</em></span> <span class='ocrx_word' id='word_1_151' title='bbox 714 2284 816 2326; x_wconf 71' lang='lat' dir='ltr'>talia</span> <span class='ocrx_word' id='word_1_152' title='bbox 831 2284 1073 2326; x_wconf 89' lang='lat' dir='ltr'>inferiorem</span> <span class='ocrx_word' id='word_1_153' title='bbox 1089 2283 1215 2324; x_wconf 90' lang='lat' dir='ltr'>huius</span> <span class='ocrx_word' id='word_1_154' title='bbox 1231 2287 1369 2325; x_wconf 89' lang='lat' dir='ltr'>terrae</span> <span class='ocrx_word' id='word_1_155' title='bbox 1385 2287 1549 2339; x_wconf 83' lang='lat' dir='ltr'>partem</span> <span class='ocrx_word' id='word_1_156' title='bbox 1566 2284 1634 2326; x_wconf 87' lang='lat' dir='ltr'>vel</span> <span class='ocrx_word' id='word_1_157' title='bbox 1651 2283 1852 2339; x_wconf 87' lang='lat' dir='ltr'>Magnam</span> 
     </span>
     <span class='ocr_line' id='line_1_22' title="bbox 418 2370 1851 2426; baseline -0.001 -14"><span class='ocrx_word' id='word_1_158' title='bbox 418 2370 654 2424; x_wconf 78' lang='lat' dir='ltr'>Graeciam,</span> <span class='ocrx_word' id='word_1_159' title='bbox 695 2385 721 2412; x_wconf 87' lang='lat' dir='ltr'>a</span> <span class='ocrx_word' id='word_1_160' title='bbox 762 2370 933 2412; x_wconf 79' lang='lat' dir='ltr'>Graecis</span> <span class='ocrx_word' id='word_1_161' title='bbox 964 2370 1118 2412; x_wconf 92' lang='lat' dir='ltr'>colonis</span> <span class='ocrx_word' id='word_1_162' title='bbox 1154 2371 1324 2424; x_wconf 81' lang='lat' dir='ltr'>cultam,</span> <span class='ocrx_word' id='word_1_163' title='bbox 1355 2370 1574 2426; x_wconf 84' lang='lat' dir='ltr'>significat.</span> <span class='ocrx_word' id='word_1_164' title='bbox 1607 2370 1725 2412; x_wconf 88' lang='lat' dir='ltr'>Inter</span> <span class='ocrx_word' id='word_1_165' title='bbox 1754 2370 1851 2412; x_wconf 90' lang='lat' dir='ltr'>reli-</span> 
     </span>
    </p>
   </div>
   <div class='ocr_carea' id='block_1_5' title="bbox 417 2456 1852 2512">
    <p class='ocr_par' dir='ltr' id='par_1_5' title="bbox 417 2456 1852 2512">
     <span class='ocr_line' id='line_1_23' title="bbox 417 2456 1852 2512; baseline -0.001 -14"><span class='ocrx_word' id='word_1_166' title='bbox 417 2471 520 2512; x_wconf 89' lang='lat' dir='ltr'>quas</span> <span class='ocrx_word' id='word_1_167' title='bbox 565 2456 715 2499; x_wconf 90' lang='lat' dir='ltr'>Italiae</span> <span class='ocrx_word' id='word_1_168' title='bbox 760 2460 921 2512; x_wconf 78' lang='lat' dir='ltr'>genteS‚</span> <span class='ocrx_word' id='word_1_169' title='bbox 969 2456 1079 2512; x_wconf 85' lang='lat' dir='ltr'>apud</span> <span class='ocrx_word' id='word_1_170' title='bbox 1125 2456 1310 2512; x_wconf 84' lang='lat' dir='ltr'>tragicos</span> <span class='ocrx_word' id='word_1_171' title='bbox 1334 2460 1598 2510; x_wconf 88' lang='lat' dir='ltr'>memoratas,</span> <span class='ocrx_word' id='word_1_172' title='bbox 1631 2459 1852 2499; x_wconf 86' lang='lat' dir='ltr'>occurrunt</span> 
     </span>
    </p>
   </div>
   <div class='ocr_carea' id='block_1_6' title="bbox 419 2546 554 2550">
    <p class='ocr_par' dir='ltr' id='par_1_6' title="bbox 419 2546 554 2550">
     <span class='ocr_line' id='line_1_24' title="bbox 419 2546 554 2550; baseline 0 0"><span class='ocrx_word' id='word_1_173' title='bbox 419 2546 554 2550; x_wconf 95' lang='lat' dir='ltr'> </span> 
     </span>
    </p>
   </div>
   <div class='ocr_carea' id='block_1_7' title="bbox 561 2547 686 2551">
    <p class='ocr_par' dir='ltr' id='par_1_7' title="bbox 561 2547 686 2551">
     <span class='ocr_line' id='line_1_25' title="bbox 561 2547 686 2551; baseline 0 0"><span class='ocrx_word' id='word_1_174' title='bbox 561 2547 686 2551; x_wconf 95' lang='lat' dir='ltr'> </span> 
     </span>
    </p>
   </div>
   <div class='ocr_carea' id='block_1_8' title="bbox 464 2581 1804 2747">
    <p class='ocr_par' dir='ltr' id='par_1_8' title="bbox 464 2581 1804 2747">
     <span class='ocr_line' id='line_1_26' title="bbox 465 2581 1055 2626; baseline -0.002 -9"><span class='ocrx_word' id='word_1_175' title='bbox 465 2585 492 2624; x_wconf 89' lang='lat'>1)</span> <span class='ocrx_word' id='word_1_176' title='bbox 518 2583 631 2617; x_wconf 86' lang='lat' dir='ltr'>Thuc.</span> <span class='ocrx_word' id='word_1_177' title='bbox 658 2582 685 2623; x_wconf 87' lang='grc' dir='ltr'>Ι,</span> <span class='ocrx_word' id='word_1_178' title='bbox 714 2584 789 2623; x_wconf 82' lang='grc'>100,</span> <span class='ocrx_word' id='word_1_179' title='bbox 809 2581 856 2617; x_wconf 83' lang='lat' dir='ltr'>cf.</span> <span class='ocrx_word' id='word_1_180' title='bbox 886 2582 948 2626; x_wconf 89' lang='lat' dir='ltr'>IV,</span> <span class='ocrx_word' id='word_1_181' title='bbox 978 2583 1055 2617; x_wconf 85' lang='lat'>102.</span> 
     </span>
     <span class='ocr_line' id='line_1_27' title="bbox 464 2638 1804 2685; baseline -0.001 -11"><span class='ocrx_word' id='word_1_182' title='bbox 464 2641 494 2685; x_wconf 85' lang='grc'>2)</span> <span class='ocrx_word' id='word_1_183' title='bbox 520 2639 628 2684; x_wconf 87' lang='lat' dir='ltr'>Soph.</span> <span class='ocrx_word' id='word_1_184' title='bbox 652 2638 783 2684; x_wconf 85' lang='lat' dir='ltr'>fragm.</span> <span class='ocrx_word' id='word_1_185' title='bbox 807 2641 885 2674; x_wconf 86' lang='lat'><strong>529.</strong></span> <span class='ocrx_word' id='word_1_186' title='bbox 910 2639 1002 2674; x_wconf 86' lang='lat' dir='ltr'>Plin.</span> <span class='ocrx_word' id='word_1_187' title='bbox 1029 2639 1073 2673; x_wconf 88' lang='lat' dir='ltr'>H.</span> <span class='ocrx_word' id='word_1_188' title='bbox 1098 2639 1143 2674; x_wconf 87' lang='lat' dir='ltr'>N.</span> <span class='ocrx_word' id='word_1_189' title='bbox 1168 2638 1301 2680; x_wconf 83' lang='lat' dir='ltr'>XVIII,</span> <span class='ocrx_word' id='word_1_190' title='bbox 1332 2640 1387 2674; x_wconf 87' lang='lat'>12.</span> <span class='ocrx_word' id='word_1_191' title='bbox 1414 2641 1444 2674; x_wconf 90' lang='lat'>1.</span> <span class='ocrx_word' id='word_1_192' title='bbox 1470 2659 1512 2666; x_wconf 89' lang='lat'>—</span> <span class='ocrx_word' id='word_1_193' title='bbox 1536 2640 1565 2681; x_wconf 85' lang='grc'>3)</span> <span class='ocrx_word' id='word_1_194' title='bbox 1590 2638 1677 2674; x_wconf 77' lang='lat' dir='ltr'>Ant.</span> <span class='ocrx_word' id='word_1_195' title='bbox 1706 2639 1804 2674; x_wconf 87' lang='lat'>1119.</span> 
     </span>
     <span class='ocr_line' id='line_1_28' title="bbox 465 2696 1295 2747; baseline -0.001 -15"><span class='ocrx_word' id='word_1_196' title='bbox 465 2700 494 2747; x_wconf 82' lang='lat'>4)</span> <span class='ocrx_word' id='word_1_197' title='bbox 523 2698 636 2735; x_wconf 76' lang='lat' dir='ltr'>Thuc,</span> <span class='ocrx_word' id='word_1_198' title='bbox 662 2697 741 2746; x_wconf 74' lang='lat' dir='ltr'>Vll,</span> <span class='ocrx_word' id='word_1_199' title='bbox 767 2698 822 2734; x_wconf 83' lang='lat'>33.</span> <span class='ocrx_word' id='word_1_200' title='bbox 849 2717 891 2722; x_wconf 97' lang='lat'><strong>—</strong></span> <span class='ocrx_word' id='word_1_201' title='bbox 920 2699 948 2741; x_wconf 81' lang='lat'>5)</span> <span class='ocrx_word' id='word_1_202' title='bbox 973 2696 1102 2736; x_wconf 76' lang='lat' dir='ltr'>Troad.</span> <span class='ocrx_word' id='word_1_203' title='bbox 1129 2699 1196 2732; x_wconf 87' lang='lat'>220</span> <span class='ocrx_word' id='word_1_204' title='bbox 1220 2708 1295 2746; x_wconf 81' lang='lat' dir='ltr'>sqq.</span> 
     </span>
    </p>
   </div>
  </div>
 </body>
</html>
