2080 3314
1067 374 1119 415 76

372 495 602 554 Euripidea
647 500 784 540 aetate
824 497 982 540 fuerint
1021 512 1044 540 e
1083 502 1231 555 poetae
1277 500 1625 557 frequentissimis
1672 503 1809 546 seriis-

372 597 452 640 que
496 584 731 640 praeceptis
768 583 926 627 discere
957 599 1189 642 possumus.
1227 586 1333 641 „Odi
1363 587 1555 630 homines
1584 589 1807 646 improbos,

370 670 441 726 qui
471 670 628 712 iniusta
658 670 844 713 facinora
873 659 1168 729 componentes
1200 674 1445 716 commentis
1475 675 1711 718 exornant”
1731 676 1809 719 Ion

371 771 394 799 e
438 760 585 813 poetae
630 761 772 799 mente
813 757 913 800 dicit
928 756 973 812 1).
1016 758 1114 801 Non
1155 760 1351 802 convenit
1394 761 1567 817 pulchre
1598 761 1735 805 dicere
1763 763 1808 806 in

369 843 494 885 rebus
539 857 623 885 non
667 843 854 886 honestis
865 842 925 899 -²);
973 844 1083 887 facta
1127 845 1240 888 enim
1275 846 1501 889 hominum
1542 849 1637 905 plus
1667 849 1808 893 valere

369 932 530 985 oportet
571 943 697 985 quam
743 929 933 985 linguam
968 928 1013 984 ³).
1075 930 1217 973 Etiam
1269 933 1436 988 planius
1492 933 1585 977 illos
1639 935 1808 978 rabulas

369 1019 558 1072 spectant
607 1015 736 1058 haece
791 1019 940 1072 poetae
996 1017 1128 1060 dicta:
1172 1018 1243 1074 qui
1293 1019 1404 1061 inter
1459 1019 1597 1062 doctos
1651 1021 1809 1063 nullius

368 1105 466 1143 sunt
515 1101 638 1158 pretii
690 1116 815 1159 saepe
867 1102 978 1159 apud
1027 1103 1216 1146 infimam
1267 1105 1433 1161 plebem
1486 1106 1666 1162 aptiores
1711 1110 1809 1149 sunt

369 1187 422 1230 ad
457 1189 712 1245 loquendum
734 1187 786 1243 4);
818 1189 1076 1246 perniciosus
1107 1194 1171 1233 est
1201 1191 1316 1246 civis,
1348 1192 1420 1249 qui
1436 1192 1632 1236 facundia
1646 1194 1807 1250 pollens

369 1275 480 1317 male
520 1275 730 1317 animatus
762 1278 824 1318 est
855 1275 902 1330 ⁵).
934 1274 1155 1319 Acerrime
1187 1277 1367 1320 Hecuba
1386 1277 1420 1332 ὃ)
1451 1292 1535 1321 non
1564 1282 1732 1322 tantum
1762 1280 1807 1322 in

369 1361 544 1404 Ulixem
575 1360 903 1418 (δημοχαριοτὴν
935 1361 1209 1420 Λαερτιάδην
1227 1363 1274 1419 ⁷),
1306 1364 1378 1421 qui
1408 1379 1574 1422 semper
1595 1365 1707 1423 apud
1721 1369 1805 1408 tra-

367 1448 480 1504 gicos
535 1447 674 1490 vafros
729 1448 980 1506 demagogos
1029 1454 1331 1507 repraesentat,
1381 1451 1598 1494 invehitur
1643 1451 1716 1495 sed
1759 1452 1805 1494 in

367 1538 501 1578 totum
530 1535 714 1578 invisum
744 1550 878 1592 genus
909 1551 1068 1592 eorum,
1111 1537 1183 1594 qui
1214 1537 1539 1581 contionabundi
1582 1539 1804 1596 populares

367 1621 546 1664 honores
574 1626 877 1678 consectantur,
909 1623 981 1680 qui
1011 1623 1165 1667 amicos
1195 1625 1362 1668 laedere
1379 1625 1486 1668 nihil
1502 1629 1663 1681 curant,
1680 1626 1802 1669 modo

367 1708 542 1751 suadere
581 1709 760 1766 possint,
793 1709 902 1767 quod
931 1710 1192 1753 multitudini
1222 1715 1390 1768 gratum
1421 1711 1487 1754 sit.
1519 1710 1700 1755 Animus
1729 1726 1800 1769 ge-

367 1810 540 1838 nerosus
569 1799 714 1839 contra
742 1797 837 1853 lege
871 1797 1059 1840 stabilior
1089 1801 1175 1854 est3
1206 1798 1327 1840 illum
1358 1813 1480 1842 nemo
1510 1813 1701 1842 sermone
1730 1799 1800 1842 de-

367 1897 545 1940 pravare
574 1886 724 1940 potest,
755 1882 864 1926 hano
893 1883 1036 1927 rhetor
1065 1884 1207 1927 omnia
1235 1885 1410 1928 turbans
1440 1900 1564 1943 saepe
1581 1885 1734 1930 evertit
1752 1885 1799 1941 ⁸).

424 1968 508 2012 Hic
543 1970 787 2012 rabularum
817 1984 924 2026 grex
954 1985 980 2013 a
1010 1971 1186 2013 comitiis
1217 1972 1350 2014 arceri
1380 1972 1526 2029 nequit
1554 1972 1600 2015 in
1630 1972 1800 2017 civitate

367 2056 440 2099 ubi
494 2057 615 2099 floret
669 2056 867 2114 loquendi
916 2057 1102 2113 libertas,
1150 2071 1258 2114 quae
1303 2061 1366 2101 est
1421 2058 1556 2101 omnis
1592 2059 1799 2103 libertatis

366 2143 618 2200 principium
658 2147 701 2186 et
740 2143 831 2187 fons
851 2143 897 2199 9).
939 2144 1017 2187 Ιο11
1047 2144 1177 2201 igitur
1207 2148 1347 2202 sperat
1376 2145 1465 2188 fore
1495 2149 1543 2188 ut
1572 2161 1627 2189 ex
1656 2145 1803 2190 Attica

367 2230 544 2273 muliere
583 2244 628 2273 se
667 2234 814 2273 natum
845 2245 936 2274 esse
961 2235 1175 2288 appareat,
1215 2235 1263 2273 ut
1293 2231 1371 2274 sibi
1401 2232 1467 2274 ius
1497 2232 1551 2275 sit
1579 2233 1711 2276 libere
1741 2233 1800 2276 lo-

367 2316 533 2374 quendi,
576 2331 657 2374 quo
687 2317 778 2361 iure
814 2321 954 2361 careat
985 2318 1235 2375 quicumque
1264 2319 1512 2376 peregrinus
1541 2320 1587 2362 in
1616 2319 1798 2364 alienam

421 2425 444 2472 ¹)
469 2426 535 2461 Ion
558 2428 639 2470 831,
662 2424 708 2461 cf.
733 2425 830 2461 Med.
856 2426 936 2461 577.
960 2445 1007 2452 —-
1030 2426 1057 2472 ²)
1083 2425 1217 2461 Phoen.
1245 2427 1323 2462 528.

413 2485 440 2526 8)
464 2483 552 2519 Hec.
578 2485 667 2519 1187
692 2482 738 2518 cf.
765 2483 874 2529 Hipp.
901 2485 970 2520 486
997 2495 1073 2529 sqq.
1098 2483 1219 2519 Troad
1237 2485 1312 2520 966
1337 2494 1414 2531 sqq.

414 2540 444 2586 ⁴)
468 2540 578 2586 Hipp.
603 2542 671 2576 988
697 2551 750 2587 sq.
778 2561 819 2567 —
844 2541 875 2587 ⁵)
899 2541 1032 2576 Bacch.
1057 2543 1124 2576 271
1151 2540 1197 2576 cf.
1222 2541 1352 2587 fragm.
1378 2544 1447 2579 660
1471 2553 1521 2578 vs.
1546 2543 1567 2578 5
1592 2552 1645 2589 sq.

414 2598 442 2644 θ)
466 2600 553 2633 Hec.
582 2599 651 2634 254
674 2608 754 2645 sqq.
778 2597 825 2634 cf.
850 2597 969 2634 Schol.
993 2617 1040 2625 -
1067 2598 1091 2642 ⁷)
1118 2598 1204 2634 Hec.
1232 2600 1307 2635 134.
1332 2619 1376 2626 -
1399 2599 1428 2686 8)
1453 2601 1540 2634 Eur.
1564 2600 1695 2646 fragm.
1720 2600 1798 2636 600.

417 2655 442 2698 ⁹)
468 2655 578 2702 Hipp.
602 2657 683 2691 423.
