2080 3314
953 349 1007 392 25

255 472 388 532 igitur
425 474 471 518 in
516 474 810 518 comissatione
841 475 953 533 apud
985 474 1231 530 Admetum,
1262 478 1429 532 myrtea
1458 488 1612 518 corona
1641 487 1707 516 re-

254 562 429 606 dimitur
450 562 503 619 ²);
539 563 654 607 Ionis
685 564 892 607 convivae
923 564 1088 607 coronis
1119 564 1256 606 ornati
1287 563 1413 620 genio
1429 563 1653 620 indulgent
1671 561 1706 616 2)

253 665 392 708 neque
420 651 467 694 in
497 651 633 694 choris
664 655 778 694 serta
807 651 961 695 desunt
982 651 1029 706 ³).
1064 651 1306 694 Gramineis
1337 651 1501 695 coronis
1522 649 1707 693 redimiti

254 737 459 782 Centauri
505 738 560 782 ad
606 739 800 782 Thetidis
846 740 1017 797 nuptias
1063 740 1242 783 veniunt
1262 738 1309 794 ⁴),
1358 754 1436 782 neo
1465 739 1607 781 minus
1638 738 1710 794 qui

254 826 384 869 saeris
427 826 691 884 nuptialibus
726 831 929 884 praesunt
947 826 994 882 ⁵),
1028 831 1070 870 et
1102 831 1240 870 mater
1270 827 1402 870 filiam
1433 840 1553 869 suam
1586 839 1709 882 spon·

254 927 345 956 sam
400 927 554 957 corona
606 918 786 957 exornat
806 914 853 969 ⁰).
901 915 955 956 In
1000 914 1157 958 Bacchi
1218 914 1367 957 thiasis
1428 913 1496 956 dei
1552 913 1712 956 lasciva

254 1001 381 1045 turba
436 1002 574 1045 crines
619 1002 782 1045 coronis
827 1002 1071 1046 hederaceis
1105 1002 1137 1057 ⁷)
1193 1003 1262 1045 vel
1308 1002 1479 1046 smilace
1524 1000 1710 1059 pulchri·

221 1085 228 1096 '
256 1089 456 1147 corymba
492 1089 525 1144 ⁸)
602 1091 671 1133 vel
743 1105 920 1147 quereus
963 1091 1110 1134 fronde
1152 1091 1306 1148 religat
1341 1090 1388 1145 ⁹).
1450 1090 1711 1147 Hippolytus

257 1193 466 1233 coronam,
534 1179 709 1222 floribus
779 1179 824 1221 in
895 1179 1062 1223 Dianae
1130 1194 1247 1223 sacro
1307 1183 1427 1237 prato
1488 1178 1710 1236 decerptis,

255 1265 356 1310 huic
395 1266 500 1310 deae
539 1267 668 1310 donat
693 1266 755 1322 ¹⁰).
778 1267 857 1310 Ion
886 1271 935 1310 ut
965 1268 1033 1310 dei
1062 1268 1256 1310 minister
1286 1268 1434 1310 laurea
1464 1281 1616 1310 corona
1646 1280 1711 1309 re-

257 1353 430 1396 dimitus
449 1351 502 1409 ¹¹)
548 1355 724 1412 myrteis
769 1355 932 1398 coronis
963 1356 1112 1413 templi
1143 1355 1402 1398 vestibulum
1444 1357 1623 1397 exornat
1649 1351 1708 1408 1²).

260 1441 415 1485 Hostia
443 1441 490 1484 in
521 1442 662 1497 saeris,
695 1442 786 1485 sive
802 1442 928 1486 homo
941 1446 1003 1486 est
1019 1443 1109 1485 sive
1125 1457 1252 1500 pecus
1269 1442 1432 1486 coronis
1451 1445 1625 1485 ornatur
1644 1439 1709 1496 13).

258 1527 312 1571 111
351 1521 512 1572 funeris
553 1530 830 1572 caeremoniis
871 1530 1038 1587 saepius
1074 1530 1125 1573 de
1156 1530 1319 1573 coronis
1346 1530 1522 1587 myrteis
1552 1529 1713 1572 mentio

257 1616 327 1660 fit:
359 1617 515 1660 mortui
544 1614 686 1674 ipsiu)
718 1632 851 1675 aeque
889 1632 938 1660 ao
968 1633 1068 1661 arae
1099 1618 1144 1660 in
1174 1618 1301 1661 domu
1331 1618 1501 1660 funesta
1527 1617 1576 1671 15)
1595 1621 1650 1672 et,
1668 1618 1714 1659 in

257 1705 520 1745 mortuorum
550 1702 767 1757 honorem,
800 1717 946 1745 eorum
987 1703 1141 1744 tumuli
1161 1701 1212 1756 16)
1253 1703 1429 1759 myrteis
1460 1703 1622 1746 coronis
1650 1717 1714 1745 or-

259 1793 429 1832 nantur.
462 1789 546 1839 Qui
575 1791 736 1833 laetum
773 1790 971 1832 nuntium
1003 1790 1199 1845 afferunt,
1233 1791 1322 1832 sive
1354 1791 1570 1833 oraculum
1604 1791 1715 1832 faus-

258 1882 350 1920 tum
367 1875 420 1932 Π)
459 1877 549 1920 sive
589 1878 809 1921 victoriam
829 1875 901 1933 18),
944 1893 1097 1921 corona
1128 1878 1241 1921 enim
1273 1878 1475 1921 victorem
1507 1878 1627 1920 decet
1647 1876 1714 1933 ¹⁰),

261 1979 458 2009 eoronam
489 1969 670 2022 gestant.

320 2055 654 2113 Nonnumquam
701 2057 889 2112 Graecis,
933 2057 1128 2100 civilibus
1160 2058 1306 2100 officiis
1338 2058 1495 2114 optime
1522 2057 1718 2114 perfunc-

331 2200 356 2246 1)
381 2200 462 2236 Alc.
488 2203 567 2237 759.
591 2221 637 2227 —
662 2202 688 2245 2)
713 2202 787 2237 Ion.
817 2204 918 2248 1160,
943 2202 989 2238 cf.
1016 2202 1102 2238 Eur.
1127 2202 1184 2237 El.
1210 2204 1291 2247 496,
1316 2201 1413 2247 Cycl.
1438 2203 1518 2245 559,
1543 2202 1600 2236 Ai.
1620 2203 1718 2237 1199.

323 2259 351 2305 ⁸)
379 2259 516 2295 Phoen.
550 2261 629 2296 787.
655 2280 697 2285 —
726 2260 754 2303 4)
781 2261 809 2295 1.
835 2261 876 2296 A.
907 2263 1007 2296 1058.
1033 2282 1077 2286 —
1103 2261 1131 2307 5)
1157 2261 1196 2295 id
1222 2262 1300 2296 436.
1329 2280 1372 2285 -
1397 2260 1424 2307 6)
1452 2260 1502 2295 id.
1528 2262 1607 2296 905.

322 2317 351 2364 7)
377 2316 511 2352 Bacch.
529 2319 606 2362 177,
621 2318 700 2353 341.
719 2320 796 2363 -⁸)
811 2319 859 2355 id.
878 2321 954 2355 105.
969 2319 1044 2363 -⁹)
1061 2319 1109 2354 id.
1129 2321 1196 2354 703
1211 2322 1247 2353 et
1260 2319 1407 2364 passim.
1437 2318 1646 2365 -¹⁰)Hipp.
1662 2320 1717 2354 73.

310 2376 354 2418 11)
378 2375 454 2411 1011.
481 2377 561 2412 522.
589 2396 630 2401 -
662 2376 705 2422 ¹²)
731 2376 781 2412 id.
811 2380 886 2420 103,
916 2379 1016 2413 1169.
1044 2398 1084 2404 --
1121 2377 1161 2423 ¹³)
1187 2378 1213 2412 1.
1242 2378 1284 2412 A.
1315 2379 1404 2412 1080
1429 2388 1509 2423 sqq.

311 2434 354 2481 ¹⁴)
379 2434 511 2470 Troad.
541 2436 640 2478 1144,
668 2435 803 2471 Phoen.
830 2437 930 2472 1632.
957 2457 1002 2462 —
1035 2436 1076 2482 ¹⁵)
1102 2436 1181 2471 Alc.
1210 2439 1274 2471 170
1301 2447 1380 2482 sqq.

310 2492 353 2540 ¹⁴⁵)
379 2492 489 2539 Soph.
516 2492 573 2528 El.
599 2494 680 2538 893,
705 2493 793 2528 Eur.
819 2494 877 2530 El.
902 2497 982 2539 324,
1008 2497 1088 2539 512,
1115 2495 1195 2530 Hel.
1224 2496 1326 2540 1265,
1352 2494 1412 2530 Or.
1443 2496 1543 2530 1322.

315 2551 354 2595 ¹⁷)
381 2551 421 2588 Ο.
448 2551 493 2588 R.
522 2553 579 2597 83,
610 2551 719 2597 Hipp.
745 2553 826 2588 807.

312 2610 357 2657 ¹⁸)
385 2610 455 2657 Ag.
480 2611 560 2654 494,
585 2609 724 2646 Traoh.
751 2613 830 2652 178,
855 2611 944 2646 Eur.
971 2611 1026 2647 ΕΙ.
1056 2613 1133 2655 163,
1158 2613 1237 2656 872,
1263 2611 1371 2648 Herc.
1394 2611 1481 2648 Fur.
1508 2613 1588 2649 781.

320 2669 369 2720 ¹⁹)
392 2669 482 2706 Eur.
504 2668 562 2707 El.
586 2669 609 2706 8
630 2670 686 2717 54,
711 2670 792 2718 862,
816 2671 898 2718 872,
921 2671 1002 2719 887,
1025 2669 1114 2707 Hec.
1139 2672 1219 2707 660.
