2080 3314
926 322 1004 363 103

233 451 282 495 in
326 450 554 494 Thraciam
600 450 778 493 veniens
821 449 1125 507 contumeliose
1156 450 1352 506 fugatur3
1385 449 1511 492 deum
1541 449 1691 492 trium-

234 540 452 599 phantem,
483 538 687 595 mysteria
717 542 760 581 et
790 538 910 595 orgia
926 538 1226 592 celebrantem,
1245 538 1333 581 fere
1358 553 1528 582 omnem
1545 539 1692 582 orbem

235 631 447 671 terrarum
476 626 706 682 cognitum,
739 640 765 667 a
794 625 934 682 Lydia
965 629 1007 668 et
1037 625 1230 682 Phrygia
1257 626 1558 683 proficientem,
1587 626 1691 670 Per-

236 715 383 769 sidem,
411 713 697 768 Bactrianam,
730 712 932 768 Mediam,
965 711 1186 768 Arabiam,
1217 713 1382 757 Ioniam
1400 712 1432 769 ¹)
1455 729 1692 772 pervagan-

234 806 336 857 tem,
378 815 405 844 a
433 815 591 858 magno
629 800 888 844 Maenadum
930 801 1134 858 strepenti
1165 805 1207 844 et
1237 802 1419 845 clamoso
1449 802 1587 845 thiaso
1619 802 1692 844 sti-

235 893 383 948 patum
419 890 532 948 apud
566 890 748 945 tragicos
791 889 1048 932 invenimus.
1091 888 1221 946 Apud
1251 889 1490 932 Homerum
1530 890 1692 948 Diony-

236 992 306 1021 sus
343 978 514 1036 quidem
551 977 782 1031 invenitur,
817 977 892 1019 sed
923 977 1039 1019 nullo
1072 977 1322 1033 cognomine
1352 977 1581 1034 praeditus,
1615 992 1694 1021 nec

235 1079 414 1123 usquam
466 1066 674 1122 templum
722 1065 761 1107 ei
807 1064 1065 1119 dedicatum,
1114 1078 1193 1107 nec
1238 1065 1375 1106 cultus
1422 1064 1462 1107 ei
1507 1050 1692 1107 tributus

235 1156 507 1197 memoratur.
534 1153 729 1210 Dionysi,
762 1152 880 1195 cuius
911 1166 1146 1209 cognomen
1176 1151 1369 1194 Bacchus
1397 1152 1509 1209 apud
1525 1153 1691 1195 nullum

236 1241 483 1299 scriptorem
525 1244 624 1283 ante
667 1240 935 1283 Herodotum
986 1239 1181 1296 legimus,
1229 1239 1443 1296 orgiorum
1483 1240 1692 1297 originem

235 1329 283 1372 in
312 1328 508 1384 Thracia,
541 1328 680 1385 Lydia
710 1331 752 1370 et
781 1327 974 1384 Phrygia
1004 1327 1291 1384 quaerendam
1308 1341 1399 1370 esse
1415 1328 1528 1370 inter
1544 1342 1692 1371 omnes

236 1419 400 1460 constat
416 1415 463 1470 ²).
506 1415 707 1459 Aetatem
753 1419 912 1470 tamen,
960 1429 1044 1472 qua
1074 1414 1360 1458 Bacchanalia
1389 1415 1435 1457 in
1467 1414 1692 1458 Graeciam

235 1493 515 1562 pervaserint*
541 1507 583 1547 et
622 1504 699 1546 illa
729 1503 969 1560 antiquiora
999 1503 1203 1560 mysteria
1233 1502 1455 1546 Eleusinia
1485 1504 1691 1547 nonnulla

237 1606 293 1635 ex
322 1591 402 1635 hoc
432 1592 549 1634 cultu
579 1591 886 1648 assumpserint
914 1591 976 1634 ita
1005 1595 1053 1633 ut
1084 1590 1251 1634 Cereris
1283 1594 1326 1633 et
1355 1590 1511 1634 Bacchi
1542 1591 1692 1648 religio

236 1679 460 1723 coniuncta
501 1679 568 1734 sit,
610 1679 836 1734 nescimus,
886 1679 959 1722 sed
1000 1682 1094 1736 post
1133 1678 1347 1722 heroicam
1389 1682 1573 1722 aetatem
1614 1679 1693 1722 hoc

236 1766 394 1811 factum
425 1781 517 1810 esse
547 1767 650 1810 satis
679 1767 826 1824 liquet.

293 1941 426 1986 Arete
464 1957 560 1986 cum
600 1942 758 1986 Bacchi
798 1942 927 1999 orgiis
968 1943 1222 1986 cohaerebat
1259 1942 1396 1999 poesis
1428 1946 1470 1985 et
1500 1942 1694 1987 doctrina,

235 2031 324 2086 illa,
367 2045 476 2088 quae
512 2031 703 2074 fabuloso
747 2030 919 2088 Orpheo
962 2030 1093 2073 tribui
1133 2031 1308 2086 solebat,
1349 2045 1480 2087 quare
1511 2030 1692 2087 Dionysi

237 2113 441 2176 mysteria
486 2118 684 2176 Orpheus
728 2119 944 2162 invenisse
989 2119 1171 2161 traditur
1191 2117 1223 2172 3)
1265 2122 1307 2161 et
1347 2118 1527 2175 Dionysi
1573 2118 1693 2174 orgia

238 2204 483 2262 Orphica
528 2209 571 2248 et
615 2205 709 2262 ipsa
755 2205 1016 2248 vocabantur
1037 2203 1084 2259 4).
1143 2205 1266 2247 Licet
1307 2204 1527 2262 Orpheum
1569 2220 1692 2247 num-

237 2306 364 2350 quam
405 2292 619 2335 exstitisse
655 2293 741 2335 iam
781 2292 1035 2336 Aristoteles
1073 2293 1220 2335 doceat
1233 2292 1289 2347 5),
1322 2293 1506 2349 plurima
1547 2297 1691 2336 tamen

225 2380 392 2437 scripta
423 2380 462 2422 ei
493 2380 726 2437 antiquitus
756 2381 1055 2424 tribuebantur
1085 2395 1264 2437 quorum
1296 2384 1488 2424 auctores
1517 2381 1690 2424 fuerunt

284 2537 309 2581 ¹)
333 2536 470 2572 Bacch.
498 2538 542 2572 16
566 2548 642 2582 sqq.
692 2537 717 2579 ²)
743 2535 796 2572 Cf.
821 2536 973 2580 Preller,
1002 2536 1066 2573 Gr.
1093 2537 1227 2583 Mythz.
1252 2537 1309 2573 ed.
1335 2539 1367 2573 3.
1391 2549 1451 2585 pg.
1478 2538 1558 2573 546.

286 2595 315 2642 ⁸)
340 2594 511 2642 Apollod.
537 2594 565 2631 Ι.
591 2597 623 2631 3.
650 2596 681 2630 2.
707 2615 755 2621 —
777 2595 805 2639 ⁴)
833 2595 940 2631 Diod.
966 2595 1032 2641 III,
1058 2597 1115 2632 64.

285 2654 312 2698 6)
339 2654 432 2691 Vide
456 2653 556 2701 apud
581 2653 655 2689 Cic.
685 2653 731 2691 N.
757 2653 801 2690 D.
831 2653 860 2700 I,
887 2655 942 2696 38,
969 2656 1046 2691 107.
