2080 3314
953 345 1007 390 53

253 477 573 524 chitectonicam
605 477 812 521 rationem
854 476 999 534 paucis
1030 476 1201 533 quidem
1232 476 1386 532 verbis,
1420 491 1527 534 quae
1560 479 1703 519 tamen

257 568 470 611 oculatum
516 570 668 610 testem
699 565 895 623 produnt,
945 565 1142 622 designat
1173 566 1246 608 ubi
1277 565 1486 608 Hercules
1518 565 1705 607 minatur

257 668 302 698 se
346 654 514 698 moenia
557 654 634 696 illa
678 654 852 710 „regula
883 657 924 695 et
955 653 1081 695 caelis
1112 652 1284 710 aptata”
1320 667 1566 695 eversurum
1598 666 1702 694 esse.

257 741 525 799 Quamquam
570 742 616 784 in
652 740 956 798 antiquissimis
998 740 1152 783 fabulis
1183 739 1400 797 Cyclopea
1433 744 1556 782 antra
1584 739 1704 782 habi-

253 834 407 886 tantas,
438 831 555 874 cultu
583 829 828 886 longissime
860 829 1014 872 absunt
1046 829 1244 886 omnique
1278 833 1368 871 arte
1403 833 1561 883 carent,
1581 828 1706 870 Euri-

252 918 372 977 pides
415 922 561 961 tamen
606 917 883 974 Mycenarum
929 916 1097 959 moenia
1133 915 1336 973 Cyclopia
1375 915 1554 970 vocavit,
1597 915 1707 972 quod

253 1021 410 1051 nomen
450 1021 526 1050 suo
572 1006 781 1049 arbitratu
823 1005 984 1062 primus
1026 1004 1200 1047 finxisse
1242 1008 1316 1046 aut
1357 1007 1469 1046 certe
1511 1005 1707 1060 vulgasse

256 1095 424 1138 videtur
435 1093 674 1151 Euripides,
688 1107 813 1150 quem
829 1092 1080 1149 posteriores
1092 1086 1124 1145 l)
1143 1091 1274 1133 secuti
1291 1094 1402 1132 sunt.
1428 1090 1547 1139 Quae
1565 1091 1708 1147 appel-

255 1183 359 1226 latio
398 1196 529 1239 quum
568 1184 788 1238 praeterea
824 1179 954 1222 semel
1000 1179 1046 1220 in
1095 1178 1326 1235 Sophocleo
1374 1177 1556 1234 quodam
1597 1178 1708 1234 frag-

258 1274 401 1314 mento
417 1267 451 1324 2)
490 1268 739 1326 reperiatur,
772 1282 856 1310 non
893 1267 1040 1324 inepta
1070 1270 1134 1309 est
1164 1266 1376 1308 sententia
1406 1265 1551 1322 paucis
1584 1266 1707 1308 annis

258 1357 463 1402 maiorem
503 1359 673 1413 poetam
713 1369 738 1398 a
777 1354 940 1396 minore
970 1354 1137 1410 aequali
1167 1353 1245 1396 hoc
1275 1367 1432 1396 nomen
1467 1357 1708 1396 mutuatum

261 1459 365 1490 esse.

319 1523 463 1589 Argis,
509 1532 555 1574 in
600 1531 705 1574 urbe
751 1530 985 1587 antiquitus
1031 1528 1185 1571 Iunoni
1216 1528 1445 1583 carissima,
1488 1527 1710 1571 celeberri-

260 1633 379 1663 mum
409 1623 501 1662 erat
529 1619 656 1661 huius
687 1618 791 1661 deae
822 1618 1042 1674 templum,
1076 1616 1186 1673 quod
1214 1631 1239 1659 a
1255 1616 1475 1672 Polyclito,
1495 1615 1711 1672 Sophoclis

261 1707 562 1764 Euripidisque
579 1707 759 1764 aequali,
787 1721 913 1763 opere
935 1704 1298 1762 praestantissimo
1316 1708 1525 1759 ornatum,
1544 1703 1712 1747 heroica

262 1798 403 1838 aetate
447 1795 534 1837 iam
579 1795 792 1837 exstitisse
838 1808 923 1836 non
969 1796 1032 1836 est
1062 1792 1303 1834 verisimile.
1349 1791 1526 1848 Saepius
1566 1795 1710 1834 tamen

262 1883 413 1940 tragici
443 1883 605 1940 templi,
637 1882 833 1925 omnibus
865 1881 1037 1923 Graecis
1065 1880 1166 1934 noti,
1198 1879 1459 1922 mentionem
1478 1879 1638 1922 faciunt
1653 1879 1710 1933 3);

263 1970 367 2027 quin
391 1969 630 2027 Aeschylus
646 1970 731 2012 iam
749 1969 797 2012 Io
813 1969 940 2010 huius
957 1967 1123 2011 delubri
1145 1967 1359 2010 aedituam
1377 1966 1506 2008 fuisse
1523 1965 1648 2008 finxit
1664 1965 1711 2020 4).

265 2056 426 2101 Eodem
490 2058 613 2101 modo
675 2057 833 2100 Forum
890 2056 1106 2112 Lycaeum
1171 2069 1265 2097 cum
1312 2053 1525 2110 Apollinis
1555 2053 1713 2110 Lycaei

265 2146 423 2203 templo
438 2147 472 2200 ὃ)
502 2145 633 2202 Argis
664 2146 791 2188 fuisse
823 2148 1093 2187 memoratur.

323 2231 583 2289 Argivorum
613 2236 752 2275 terrae
784 2232 904 2274 varia
940 2231 1113 2273 nomina
1143 2230 1292 2286 tragici
1323 2229 1579 2283 indiderunt,
1618 2244 1713 2286 par-

265 2320 343 2363 tim
394 2321 699 2377 antiquissimis
744 2320 1004 2377 temporibus
1051 2333 1221 2376 prorsus
1267 2319 1425 2374 ignota,
1472 2317 1628 2375 partim
1660 2317 1713 2359 ab

312 2534 342 2581 1)
369 2533 539 2580 Apollod.
565 2534 612 2578 11,
641 2536 670 2569 1.
697 2536 727 2570 3.
754 2533 872 2569 Strab.
899 2533 1001 2578 VIII,
1026 2543 1109 2578 pag.
1136 2534 1214 2569 373.
1241 2534 1347 2569 Paus.
1373 2534 1419 2577 11,
1445 2535 1501 2568 25.
1526 2535 1558 2568 8.

313 2593 345 2640 2)
370 2593 478 2639 Soph.
504 2592 636 2638 fragm.
662 2594 741 2627 222.
768 2611 812 2618 -—
837 2594 866 2636 3)
893 2591 1002 2637 Soph.
1028 2591 1084 2626 El.
1111 2594 1144 2636 7,
1169 2591 1196 2627 Ι.
1225 2592 1268 2627 Α.
1294 2595 1371 2634 739,
1398 2593 1503 2627 Paus.
1528 2591 1575 2636 11,
1601 2593 1656 2626 27.
1686 2594 1714 2626 1.

315 2654 348 2698 4)
373 2651 500 2697 Suppl.
526 2652 605 2686 291.
638 2671 678 2678 -
700 2654 730 2698 5)
757 2650 866 2696 Soph.
891 2649 950 2685 El.
975 2652 1008 2696 6,
1033 2651 1114 2694 645,
1143 2651 1243 2695 1839,
1268 2651 1372 2687 Paus.
1398 2651 1446 2695 11,
1472 2652 1525 2686 19.
1552 2652 1584 2685 3.
