2080 3314
1088 345 1146 395 50

399 471 643 521 Pereatis1'’
704 471 823 516 Idem
865 472 1068 514 avaritiae
1099 471 1367 528 opprobrium
1406 471 1451 514 in
1481 470 1836 522 Lacedaemonios

398 562 552 606 iactum
598 558 830 614 reperimus
874 557 919 601 in
965 555 1127 611 Paoe1)
1171 557 1497 615 Aristophanea,
1543 572 1651 614 quae
1688 558 1834 606 eodem

399 647 485 690 fere
516 650 704 701 tempore
735 647 828 687 aota
859 647 934 698 est,
968 648 1009 690 et
1038 643 1091 688 de
1121 644 1276 700 duplici
1307 658 1452 692 eorum
1482 645 1653 700 ingenio
1670 644 1724 688 ad
1739 658 1834 693 ver·-

397 733 497 777 bum
537 746 672 788 paene
712 745 806 776 oum
837 729 1122 786 Aristophane
1152 731 1347 777 convenit
1375 731 1616 779 Herodotus
1632 731 1680 785 ²).
1712 731 1834 781 Quod

398 819 451 862 ad
482 818 628 861 caedes
668 818 762 862 illas
792 817 995 873 plurimas
1025 817 1188 871 attinet,
1220 831 1305 863 non
1334 817 1455 862 facile
1486 817 1652 864 decerni
1682 821 1834 874 potest,

398 909 539 950 utrum
580 908 739 950 temere
779 903 857 945 hoo
898 903 1042 947 iecerit
1071 907 1195 959 poeta
1225 917 1279 949 an
1310 903 1460 946 atrocis
1490 903 1705 949 cuiusdam
1735 903 1835 950 faeti

397 1005 568 1033 memor.
611 989 840 1036 Barnesius
882 989 934 1032 ad
965 989 1134 1038 crudele
1162 988 1434 1037 Plataearum
1464 989 1675 1037 excidium
1704 989 1836 1038 verba

396 1077 558 1121 rettulit
574 1076 621 1131 3),
664 1077 737 1119 alii
778 1080 922 1122 eontra
953 1075 1005 1119 ad
1035 1076 1292 1124 Taenarium
1323 1076 1473 1130 scelus,
1502 1089 1584 1132 quo
1613 1075 1835 1132 parricidio

396 1163 680 1208 Athenienses
724 1162 801 1209 hoc
846 1166 1034 1223 tempore
1078 1162 1433 1210 Lacedaemonios
1475 1176 1519 1209 se
1560 1161 1836 1210 obstrinxisse

396 1250 676 1307 perhibebant
693 1249 727 1303 4)
783 1253 856 1291 aut
903 1249 955 1296 ad
1000 1249 1127 1294 aliam
1174 1238 1378 1297 Halotum
1424 1247 1592 1296 caedem
1609 1248 1655 1302 ⁵).
1715 1247 1835 1296 Alibi

396 1351 559 1393 quoque
600 1336 712 1392 apud
752 1335 999 1392 Euripidem
1030 1335 1246 1381 Laeonum
1277 1334 1568 1382 crudelitatem
1598 1338 1641 1377 et
1669 1348 1835 1381 morum

396 1424 608 1469 vafritiam
639 1424 921 1479 vituperatam
951 1421 1192 1469 invenimus
1208 1421 1254 1474 6),

454 1510 673 1555 Interdum
705 1510 832 1556 etiam
864 1509 1041 1553 feminas
1072 1508 1300 1555 Laoonioas
1331 1507 1512 1555 ludibrio
1546 1507 1675 1555 habet
1709 1511 1834 1564 poeta

396 1596 468 1640 ubi
501 1596 599 1640 dicit
645 1599 781 1641 castas
811 1595 988 1651 Spartae
1019 1609 1103 1639 non
1134 1594 1255 1638 facile
1293 1594 1476 1640 inveniri
1505 1607 1626 1650 posse
1654 1593 1833 1649 puellas,

398 1696 507 1739 quae
553 1682 675 1728 nudis
721 1682 950 1726 femoribus
995 1685 1036 1725 et
1080 1681 1233 1726 tunicis
1275 1680 1430 1723 laxatis
1476 1694 1570 1724 eum
1608 1679 1834 1729 iuvenibus

395 1773 555 1811 certent
599 1769 645 1810 in
675 1768 891 1812 curriculis
922 1771 963 1811 et
994 1767 1212 1824 palaestris
1235 1765 1283 1821 ⁷),
1315 1766 1424 1823 quod
1455 1766 1688 1812 convicium
1717 1765 1832 1814 haud

395 1871 496 1903 sane
542 1859 774 1912 opportune
819 1855 975 1901 iterant
1020 1854 1231 1901 Troianae
1275 1854 1490 1908 mulieres,
1520 1857 1742 1901 narrantes
1786 1867 1833 1901 se

394 1943 444 1984 inv
470 1942 647 2004 terribili
664 1942 816 1986 Troiae
833 1945 1024 1987 extrema
1040 1944 1161 1986 nocte
1177 1941 1331 1985 lectum
1349 1940 1598 1988 festinanter
1613 1939 1835 1996 reliquisse.

394 2029 571 2085 simplici
602 2032 767 2074 tantum
800 2032 917 2070 veste
975 2027 1156 2082 indutas,
1187 2027 1366 2075 Doricae
1396 2041 1512 2075 more
1541 2027 1708 2083 puellae
1723 2025 1770 2079 ⁸).

452 2201 583 2246 Nulla
622 2216 689 2246 res
729 2205 792 2245 est
833 2215 855 2243 e
888 2215 974 2257 qua·
1008 2200 1277 2254 sententiam,
1306 2200 1486 2256 tragioos
1515 2214 1616 2248 suae
1644 2200 1833 2256 ipsorum

395 2289 545 2334 aetatis
574 2288 803 2344 imaginem
834 2288 879 2329 in
905 2287 1056 2330 fabulis
1074 2286 1315 2341 reddidisse,
1332 2287 1484 2330 melius
1498 2287 1683 2334 iudieare
1697 2285 1831 2343 possis

393 2389 519 2432 quam
573 2389 596 2421 e
641 2374 808 2422 diversa
854 2374 1029 2428 ratione,
1077 2387 1160 2429 qua
1198 2387 1274 2429 pro
1314 2376 1550 2429 temporum
1589 2373 1833 2420 discrimine

440 2503 470 2545 ι)
487 2500 598 2535 Arist.
614 2500 699 2535 Pac.
713 2501 793 2534 624.
809 2519 848 2524 —
864 2500 895 2544 2)
909 2498 1037 2533 Herdt.
1049 2484 1111 2543 IX,
1126 2500 1170 2533 54
1183 2498 1229 2534 cf.
1245 2479 1354 2533 Arist.
1367 2499 1536 2534 Ach.307
1545 2510 1621 2544 sqq.
1634 2498 1716 2534 Pac.
1727 2499 1828 2534 1067.

439 2563 466 2601 3)
492 2559 606 2594 Thuc.
631 2558 695 2602 ΙΙΙ,
722 2559 776 2593 68.
802 2577 846 2582 -
870 2559 903 2601 4)
929 2557 1068 2592 Thucd.
1094 2557 1121 2598 1,
1150 2558 1227 2602 128,
1252 2557 1363 2593 Arist.
1391 2557 1550 2592 Acharn.
1577 2558 1644 2592 509
1669 2567 1747 2601 sqq.

438 2615 465 2662 5)
479 2617 617 2652 Thucd.
637 2616 698 2659 IV,
718 2617 772 2651 80.
786 2633 831 2641 -—
845 2616 872 2659 6)
886 2615 970 2650 Eur.
993 2614 1119 2661 Suppl.
1134 2616 1211 2651 187.
1224 2634 1267 2641 -
1282 2615 1309 2658 7)
1325 2614 1439 2651 Andr.
1454 2616 1533 2651 598.
1546 2633 1591 2641 -—
1603 2615 1632 2662 8)
1647 2613 1734 2650 Heo.
1748 2614 1828 2650 933.
