2080 3314
923 350 1002 392 113

294 475 367 520 Th
379 491 402 520 e
414 491 439 520 0
449 491 517 534 gn
528 477 543 519 i
554 476 601 519 di
613 491 632 518 s
659 476 952 519 auctoritatem
970 478 1152 519 multum
1170 477 1281 535 apud
1297 481 1486 534 posteros
1498 477 1687 520 'valuisse

235 578 259 608 e
298 563 492 622 plurimis
531 563 845 620 tragoediarum
884 564 985 606 locis
1017 568 1206 622 apparet.
1258 564 1431 627 Dictum
1463 565 1552 608 eius
1590 580 1687 620 „ne-

233 651 394 695 minem
425 651 516 695 sine
545 651 720 695 deorum
751 652 926 695 numine
956 652 1130 695 beatum
1170 657 1244 696 aut
1269 653 1472 695 miserum
1501 652 1636 709 esse'’,
1655 649 1687 708 ¹)

233 742 524 783 matronarum
563 739 714 782 chorus
753 739 799 781 in
840 739 1081 782 Heraclidis
1121 740 1354 797 profitetur.
1375 739 1409 795 2)
1456 739 1688 796 Agamem-

234 826 356 870 nonis
396 827 541 884 regiae
581 831 719 870 custos
756 826 1021 885 Aeschyleus
1052 832 1187 871 semet
1216 828 1357 886 ipsum
1388 828 1442 871 ad
1472 828 1689 871 silentium

234 914 449 972 compellit
477 914 545 957 his
575 915 739 958 verbis:
761 914 793 970 3)
822 915 924 970 βοῦς
953 913 1022 956 ἐπὶ
1045 914 1211 973 γλώσσῃ
1229 918 1362 970 μέγας
1375 918 1562 973 βέβηκεν,
1579 915 1690 973 quod

234 1002 382 1050 eodem
436 1003 546 1046 redit
595 1018 644 1046 ac
691 1002 792 1061 κλῂς
829 1002 902 1044 ἐπὶ
939 1003 1120 1061 γλώσσῃ,
1162 1004 1214 1046 de
1251 1018 1333 1061 quo
1374 1018 1502 1062 supra
1528 1003 1563 1058 4)
1602 1005 1689 1047 iam

234 1090 422 1148 egimuS,
469 1106 597 1149 quam
643 1093 752 1135 bovis
796 1093 1042 1149 imaginem,
1090 1107 1220 1150 quum
1266 1093 1311 1134 in
1356 1092 1620 1149 Theognidis
1654 1092 1690 1147 ⁵)

235 1193 400 1236 quoque
440 1180 630 1238 reliquiis
670 1185 872 1236 occurrat,
915 1181 1100 1238 primum
1141 1195 1366 1238 usurpasse
1397 1180 1689 1238 Pythagoram

234 1267 518 1312 Philostratus
537 1269 570 1324 6)
601 1285 677 1327 pro
707 1270 828 1313 nobis
859 1270 1123 1327 respondeat.
1163 1270 1370 1312 Similiter
1401 1270 1513 1327 apud
1544 1284 1690 1312 omnes

234 1357 534 1414 pervulgatum
566 1362 657 1401 erat
687 1359 899 1401 canticum
931 1358 1053 1416 quod,
1087 1373 1216 1416 quum
1249 1358 1512 1401 Harmoniae
1530 1358 1690 1415 nuptiis

236 1444 518 1506 interessent,⁸
546 1445 696 1489 Musae
727 1450 770 1490 et
802 1446 991 1502 Gratiae,
1024 1446 1276 1503 Theognide
1311 1450 1495 1501 auctore,
1522 1445 1552 1500 ⁷)
1585 1446 1689 1488 ceci-

235 1546 360 1590 nere3
391 1534 510 1577 cuius
539 1535 739 1578 carminis
769 1535 900 1578 verba
930 1535 1040 1591 quod
1062 1534 1291 1590 pulchrum
1322 1534 1430 1576 idem
1459 1535 1577 1576 dulce
1606 1548 1690 1576 esse

233 1619 294 1664 ita
323 1634 424 1665 vere
455 1621 666 1666 Graecum
698 1623 889 1666 animum
920 1627 962 1665 et
993 1623 1213 1679 ingenium
1231 1623 1393 1680 spirant
1413 1626 1474 1677 ut,
1493 1622 1546 1664 ab
1564 1622 1690 1665 Euri-

231 1708 331 1776 pide
359 1710 405 1753 in
435 1711 615 1755 Bacchis
633 1711 666 1768 ⁸)
697 1713 892 1770 repetita,
910 1712 1072 1769 ingenti
1092 1726 1186 1754 cum
1203 1713 1356 1770 plausu
1372 1715 1544 1769 accepta
1559 1711 1688 1755 fuisse

233 1795 497 1843 existimem.
520 1800 725 1844 Eiusdem
747 1805 897 1859 poetae
919 1800 952 1855 ⁹)
970 1815 1117 1844 vocem
1135 1800 1392 1858 Sophocleus
1413 1800 1613 1843 Haemon
1632 1798 1688 1855 ¹⁰)

233 1886 386 1931 refert:
442 1889 539 1946 „qui
595 1890 708 1932 solus
755 1904 903 1946 sapere
950 1889 1031 1931 sibi
1076 1887 1272 1931 videtur'’
1321 1888 1459 1945 inquit
1513 1902 1688 1942 „revera

234 1975 444 2033 sapientia
499 1977 656 2021 caret''.
718 1978 871 2021 Totam
918 1978 991 2020 ille
1039 1992 1158 2020 suam
1207 1977 1442 2019 orationem
1488 1976 1687 2019 Haemon

233 2077 386 2108 ornare
414 2064 584 2108 videtur
614 2066 713 2109 locis
730 2066 1037 2121 communibus,
1059 2066 1206 2123 quales
1222 2065 1374 2122 cuique
1388 2064 1535 2107 iuveni
1551 2062 1687 2106 Athe-

233 2150 386 2208 niensi,
427 2152 500 2210 qui
535 2153 581 2195 in
618 2152 770 2196 scholis
801 2154 936 2211 poetis
967 2167 1139 2210 operam
1170 2152 1366 2207 dedisset,
1397 2151 1685 2194 innotuerant.

234 2234 413 2284 Hesio'
419 2239 538 2284 deis
570 2241 620 2296 ¹¹)
667 2242 782 2285 enim
828 2242 971 2285 verbis
1017 2241 1236 2284 consimile
1282 2244 1404 2282 sonat
1445 2239 1556 2296 quod
1586 2239 1687 2282 dicit

237 2341 608 2387 „unumquemque
643 2345 669 2372 a
698 2330 809 2374 bene
840 2330 1156 2374 consulentibus
1187 2329 1348 2371 discere
1379 2325 1684 2385 oportere”.¹2)

280 2516 306 2564 ¹)
334 2517 498 2564 Theogn.
527 2519 603 2554 165.
629 2538 667 2544 -
699 2517 724 2562 ²)
750 2518 895 2554 Heracl.
921 2520 1002 2555 608.
1029 2540 1069 2545 --
1101 2518 1129 2565 ³)
1155 2518 1226 2563 Ag.
1253 2519 1305 2553 36.
1327 2509 1380 2542 ⁷—
1406 2518 1432 2559 ⁴)
1460 2527 1492 2550 v.
1517 2526 1602 2562 pag.
1629 2515 1685 2550 65.

233 2612 235 2615 ,
280 2575 308 2621 ⁸)
331 2575 494 2623 Theogn.
518 2578 596 2612 815.
620 2597 667 2603 -—-
691 2577 720 2623 ⁶)
745 2577 838 2614 Vide
864 2578 929 2613 vit.
948 2577 1064 2623 Apoll.
1081 2576 1202 2622 V1‚11‚
1217 2578 1247 2611 3.
1263 2596 1307 2602 —
1329 2575 1354 2619 ¹)
1372 2575 1534 2620 Theogn.
1551 2574 1593 2609 15
1607 2583 1686 2620 sqq.

279 2633 307 2678 ⁸)
333 2634 467 2672 Bacch.
493 2637 573 2681 881,
597 2637 677 2672 901.
702 2656 746 2663 —-
774 2635 803 2681 ⁹)
828 2636 990 2682 Theogn.
1017 2637 1095 2671 221.
1122 2656 1166 2662 —-
1193 2634 1235 2682 ¹⁰)
1266 2636 1348 2670 Ant.
1374 2635 1453 2670 707.

270 2694 314 2740 ¹¹)
340 2694 488 2732 Hesiod.
513 2695 680 2741 Ops293.
709 2716 751 2722 —-
778 2695 820 2739 Π)
847 2695 934 2730 Ant.
960 2696 1038 2730 722.

1526 2751 1549 2787 8
