<?xml version="1.0" encoding="UTF-8"?>
<!DOCTYPE html PUBLIC "-//W3C//DTD XHTML 1.0 Transitional//EN"
    "http://www.w3.org/TR/xhtml1/DTD/xhtml1-transitional.dtd">
<html xmlns="http://www.w3.org/1999/xhtml" xml:lang="en" lang="en">
 <head>
  <title>
</title>
<meta http-equiv="Content-Type" content="text/html;charset=utf-8" />
  <meta name='ocr-system' content='tesseract 3.04.00' />
  <meta name='ocr-capabilities' content='ocr_page ocr_carea ocr_par ocr_line ocrx_word'/>
</head>
<body>
  <div class='ocr_page' id='page_1' title='image "./detragicorumanac00striuoft_0123.png"; bbox 0 0 2080 3314; ppageno 0'>
   <div class='ocr_carea' id='block_1_1' title="bbox 936 369 1013 410">
    <p class='ocr_par' dir='ltr' id='par_1_1' title="bbox 936 369 1013 410">
     <span class='ocr_line' id='line_1_1' title="bbox 936 369 1013 410; baseline 0 0"><span class='ocrx_word' id='word_1_1' title='bbox 936 369 1013 410; x_wconf 89' lang='lat'>111</span> 
     </span>
    </p>
   </div>
   <div class='ocr_carea' id='block_1_2' title="bbox 171 495 1705 2312">
    <p class='ocr_par' dir='ltr' id='par_1_2' title="bbox 171 495 1705 2312">
     <span class='ocr_line' id='line_1_2' title="bbox 249 495 1700 556; baseline -0.003 -15"><span class='ocrx_word' id='word_1_2' title='bbox 249 501 293 542; x_wconf 87' lang='lat' dir='ltr'>et</span> <span class='ocrx_word' id='word_1_3' title='bbox 320 496 530 556; x_wconf 13' lang='lat' dir='ltr'>biseapud</span> <span class='ocrx_word' id='word_1_4' title='bbox 558 495 809 555; x_wconf 85' lang='lat' dir='ltr'>Euripidem</span> <span class='ocrx_word' id='word_1_5' title='bbox 839 496 873 551; x_wconf 82' lang='lat'>¹)</span> <span class='ocrx_word' id='word_1_6' title='bbox 899 495 1079 540; x_wconf 91' lang='lat' dir='ltr'>eandem</span> <span class='ocrx_word' id='word_1_7' title='bbox 1096 496 1353 539; x_wconf 80' lang='lat' dir='ltr'><strong>sententiam</strong></span> <span class='ocrx_word' id='word_1_8' title='bbox 1375 510 1519 554; x_wconf 87' lang='lat' dir='ltr'>„spem</span> <span class='ocrx_word' id='word_1_9' title='bbox 1551 495 1700 539; x_wconf 83' lang='lat' dir='ltr'>exules</span> 
     </span>
     <span class='ocr_line' id='line_1_3' title="bbox 253 583 1704 643; baseline -0.002 -14"><span class='ocrx_word' id='word_1_10' title='bbox 253 585 414 641; x_wconf 83' lang='lat' dir='ltr'>alere”,</span> <span class='ocrx_word' id='word_1_11' title='bbox 444 584 595 629; x_wconf 90' lang='lat' dir='ltr'>iisdem</span> <span class='ocrx_word' id='word_1_12' title='bbox 628 599 766 643; x_wconf 88' lang='lat' dir='ltr'>paene</span> <span class='ocrx_word' id='word_1_13' title='bbox 797 583 939 628; x_wconf 85' lang='lat' dir='ltr'>verbis</span> <span class='ocrx_word' id='word_1_14' title='bbox 955 584 1236 640; x_wconf 80' lang='lat' dir='ltr'>enuntiatam,</span> <span class='ocrx_word' id='word_1_15' title='bbox 1253 584 1510 640; x_wconf 84' lang='lat' dir='ltr'>invenimus,</span> <span class='ocrx_word' id='word_1_16' title='bbox 1527 584 1595 627; x_wconf 84' lang='lat' dir='ltr'>cui</span> <span class='ocrx_word' id='word_1_17' title='bbox 1610 598 1704 627; x_wconf 90' lang='lat' dir='ltr'>sen-</span> 
     </span>
     <span class='ocr_line' id='line_1_4' title="bbox 246 669 1705 730; baseline -0.002 -14"><span class='ocrx_word' id='word_1_18' title='bbox 246 672 408 716; x_wconf 83' lang='lat' dir='ltr'>tentiae</span> <span class='ocrx_word' id='word_1_19' title='bbox 452 670 686 730; x_wconf 83' lang='lat' dir='ltr'>Euripidea</span> <span class='ocrx_word' id='word_1_20' title='bbox 730 670 895 714; x_wconf 82' lang='lat' dir='ltr'>Iocaste</span> <span class='ocrx_word' id='word_1_21' title='bbox 941 670 1058 714; x_wconf 85' lang='lat' dir='ltr'>addit</span> <span class='ocrx_word' id='word_1_22' title='bbox 1107 674 1179 726; x_wconf 88' lang='lat' dir='ltr'>„ut</span> <span class='ocrx_word' id='word_1_23' title='bbox 1208 670 1291 713; x_wconf 85' lang='lat' dir='ltr'>dici</span> <span class='ocrx_word' id='word_1_24' title='bbox 1321 669 1469 714; x_wconf 89' lang='lat' dir='ltr'>solet.”</span> <span class='ocrx_word' id='word_1_25' title='bbox 1521 669 1705 726; x_wconf 82' lang='lat' dir='ltr'>„Omnia</span> 
     </span>
     <span class='ocr_line' id='line_1_5' title="bbox 247 757 1704 818; baseline -0.002 -15"><span class='ocrx_word' id='word_1_26' title='bbox 247 759 489 804; x_wconf 79' lang='lat' dir='ltr'>necessitati</span> <span class='ocrx_word' id='word_1_27' title='bbox 533 759 712 818; x_wconf 84' lang='lat' dir='ltr'>parere’&#39;</span> <span class='ocrx_word' id='word_1_28' title='bbox 758 759 806 802; x_wconf 88' lang='lat' dir='ltr'>in</span> <span class='ocrx_word' id='word_1_29' title='bbox 842 759 1038 803; x_wconf 87' lang='lat' dir='ltr'>Helenae</span> <span class='ocrx_word' id='word_1_30' title='bbox 1084 759 1230 802; x_wconf 84' lang='lat' dir='ltr'>fabula</span> <span class='ocrx_word' id='word_1_31' title='bbox 1269 759 1467 816; x_wconf 87' lang='lat' dir='ltr'>legimus,</span> <span class='ocrx_word' id='word_1_32' title='bbox 1500 757 1535 814; x_wconf 77' lang='lat'>2)</span> <span class='ocrx_word' id='word_1_33' title='bbox 1566 757 1704 816; x_wconf 91' lang='lat' dir='ltr'>qualis</span> 
     </span>
     <span class='ocr_line' id='line_1_6' title="bbox 245 845 1703 905; baseline -0.001 -15"><span class='ocrx_word' id='word_1_34' title='bbox 245 846 459 891; x_wconf 86' lang='lat' dir='ltr'>sententia</span> <span class='ocrx_word' id='word_1_35' title='bbox 502 847 601 891; x_wconf 89' lang='lat' dir='ltr'>licet</span> <span class='ocrx_word' id='word_1_36' title='bbox 640 847 774 891; x_wconf 86' lang='lat' dir='ltr'>cuivis</span> <span class='ocrx_word' id='word_1_37' title='bbox 803 847 851 889; x_wconf 92' lang='lat' dir='ltr'>in</span> <span class='ocrx_word' id='word_1_38' title='bbox 879 850 1067 890; x_wconf 89' lang='lat' dir='ltr'>mentem</span> <span class='ocrx_word' id='word_1_39' title='bbox 1098 847 1246 890; x_wconf 84' lang='lat' dir='ltr'>venire</span> <span class='ocrx_word' id='word_1_40' title='bbox 1274 847 1421 905; x_wconf 88' lang='lat' dir='ltr'>possit,</span> <span class='ocrx_word' id='word_1_41' title='bbox 1453 845 1703 904; x_wconf 84' lang='lat' dir='ltr'>Euripidem</span> 
     </span>
     <span class='ocr_line' id='line_1_7' title="bbox 243 934 1703 992; baseline -0.001 -13"><span class='ocrx_word' id='word_1_42' title='bbox 243 939 390 979; x_wconf 67' lang='lat' dir='ltr'>tenen</span> <span class='ocrx_word' id='word_1_43' title='bbox 443 935 585 979; x_wconf 90' lang='lat' dir='ltr'>nescio</span> <span class='ocrx_word' id='word_1_44' title='bbox 639 935 758 978; x_wconf 90' lang='lat' dir='ltr'>cuius</span> <span class='ocrx_word' id='word_1_45' title='bbox 809 935 1059 992; x_wconf 87' lang='lat' dir='ltr'>antiquioris</span> <span class='ocrx_word' id='word_1_46' title='bbox 1104 939 1255 992; x_wconf 90' lang='lat' dir='ltr'>poetae</span> <span class='ocrx_word' id='word_1_47' title='bbox 1301 949 1448 978; x_wconf 82' lang='lat' dir='ltr'>vocem</span> <span class='ocrx_word' id='word_1_48' title='bbox 1494 934 1703 992; x_wconf 85' lang='lat' dir='ltr'>respicere</span> 
     </span>
     <span class='ocr_line' id='line_1_8' title="bbox 243 1023 1703 1081; baseline -0.001 -14"><span class='ocrx_word' id='word_1_49' title='bbox 243 1023 442 1067; x_wconf 77' lang='lat' dir='ltr'>existimo</span> <span class='ocrx_word' id='word_1_50' title='bbox 473 1024 526 1067; x_wconf 91' lang='lat' dir='ltr'>ob</span> <span class='ocrx_word' id='word_1_51' title='bbox 552 1023 658 1067; x_wconf 89' lang='lat' dir='ltr'>haec</span> <span class='ocrx_word' id='word_1_52' title='bbox 683 1024 816 1067; x_wconf 85' lang='lat' dir='ltr'>verba</span> <span class='ocrx_word' id='word_1_53' title='bbox 846 1023 1082 1067; x_wconf 88' lang='lat' dir='ltr'>sententiae</span> <span class='ocrx_word' id='word_1_54' title='bbox 1111 1023 1366 1081; x_wconf 90' lang='lat' dir='ltr'>praemissa:</span> <span class='ocrx_word' id='word_1_55' title='bbox 1403 1023 1587 1078; x_wconf 86' lang='lat' dir='ltr'>„dictum</span> <span class='ocrx_word' id='word_1_56' title='bbox 1617 1038 1703 1066; x_wconf 92' lang='lat' dir='ltr'>non</span> 
     </span>
     <span class='ocr_line' id='line_1_9' title="bbox 245 1112 1704 1170; baseline -0.001 -15"><span class='ocrx_word' id='word_1_57' title='bbox 245 1115 310 1155; x_wconf 88' lang='lat' dir='ltr'>est</span> <span class='ocrx_word' id='word_1_58' title='bbox 354 1126 498 1156; x_wconf 91' lang='lat' dir='ltr'>meum</span> <span class='ocrx_word' id='word_1_59' title='bbox 544 1112 619 1155; x_wconf 89' lang='lat' dir='ltr'>sed</span> <span class='ocrx_word' id='word_1_60' title='bbox 657 1112 875 1155; x_wconf 83' lang='lat' dir='ltr'>cujusdam</span> <span class='ocrx_word' id='word_1_61' title='bbox 916 1112 1162 1170; x_wconf 86' lang='lat' dir='ltr'>sapientis.&#39;’</span> <span class='ocrx_word' id='word_1_62' title='bbox 1205 1112 1496 1156; x_wconf 83' lang='lat' dir='ltr'>Simonideum</span> <span class='ocrx_word' id='word_1_63' title='bbox 1526 1112 1704 1155; x_wconf 88' lang='lat' dir='ltr'>fortasse</span> 
     </span>
     <span class='ocr_line' id='line_1_10' title="bbox 245 1197 1514 1257; baseline 0 -14"><span class='ocrx_word' id='word_1_64' title='bbox 245 1213 417 1244; x_wconf 85' lang='lat' dir='ltr'>versum</span> <span class='ocrx_word' id='word_1_65' title='bbox 446 1197 607 1257; x_wconf 79' lang='grc' dir='ltr'><em>α’νάγκῃ</em></span> <span class='ocrx_word' id='word_1_66' title='bbox 631 1198 769 1243; x_wconf 75' lang='grc' dir='ltr'><em>δὀὐδὲ</em></span> <span class='ocrx_word' id='word_1_67' title='bbox 791 1199 890 1242; x_wconf 77' lang='grc' dir='ltr'><em>θεοὶ</em></span> <span class='ocrx_word' id='word_1_68' title='bbox 918 1199 1137 1255; x_wconf 76' lang='grc' dir='ltr'><em>μάχονται</em></span> <span class='ocrx_word' id='word_1_69' title='bbox 1151 1199 1186 1255; x_wconf 76' lang='grc'>3)</span> <span class='ocrx_word' id='word_1_70' title='bbox 1216 1201 1408 1243; x_wconf 91' lang='lat' dir='ltr'>imitatus</span> <span class='ocrx_word' id='word_1_71' title='bbox 1439 1204 1514 1243; x_wconf 88' lang='lat' dir='ltr'>est.</span> 
     </span>
     <span class='ocr_line' id='line_1_11' title="bbox 302 1287 1701 1347; baseline 0 -16"><span class='ocrx_word' id='word_1_72' title='bbox 302 1287 546 1346; x_wconf 86' lang='lat' dir='ltr'>Unicuique</span> <span class='ocrx_word' id='word_1_73' title='bbox 563 1303 724 1344; x_wconf 88' lang='lat' dir='ltr'>eorum,</span> <span class='ocrx_word' id='word_1_74' title='bbox 749 1289 821 1346; x_wconf 92' lang='lat' dir='ltr'>qui</span> <span class='ocrx_word' id='word_1_75' title='bbox 841 1289 970 1345; x_wconf 83' lang='lat' dir='ltr'>vulgo</span> <span class='ocrx_word' id='word_1_76' title='bbox 1001 1293 1210 1346; x_wconf 87' lang='lat' dir='ltr'>septem</span> <span class='ocrx_word' id='word_1_77' title='bbox 1242 1289 1527 1347; x_wconf 90' lang='lat' dir='ltr'>sapientes</span> <span class='ocrx_word' id='word_1_78' title='bbox 1558 1289 1701 1346; x_wconf 91' lang='lat' dir='ltr'>appel-</span> 
     </span>
     <span class='ocr_line' id='line_1_12' title="bbox 245 1375 1701 1434; baseline 0.001 -16"><span class='ocrx_word' id='word_1_79' title='bbox 245 1375 402 1431; x_wconf 88' lang='lat' dir='ltr'>lantur,</span> <span class='ocrx_word' id='word_1_80' title='bbox 429 1377 686 1420; x_wconf 85' lang='lat' dir='ltr'>sententiam</span> <span class='ocrx_word' id='word_1_81' title='bbox 710 1376 937 1434; x_wconf 86' lang='lat' dir='ltr'>quamdam</span> <span class='ocrx_word' id='word_1_82' title='bbox 969 1377 1228 1434; x_wconf 86' lang='lat' dir='ltr'>peculiarem</span> <span class='ocrx_word' id='word_1_83' title='bbox 1256 1377 1302 1418; x_wconf 93' lang='lat' dir='ltr'>in</span> <span class='ocrx_word' id='word_1_84' title='bbox 1334 1391 1405 1420; x_wconf 91' lang='lat' dir='ltr'>ore</span> <span class='ocrx_word' id='word_1_85' title='bbox 1432 1377 1574 1432; x_wconf 89' lang='lat' dir='ltr'>fuisse,</span> <span class='ocrx_word' id='word_1_86' title='bbox 1593 1391 1701 1434; x_wconf 92' lang='lat' dir='ltr'>quae</span> 
     </span>
     <span class='ocr_line' id='line_1_13' title="bbox 247 1463 1702 1522; baseline 0.001 -16"><span class='ocrx_word' id='word_1_87' title='bbox 247 1463 520 1520; x_wconf 74' lang='lat' dir='ltr'>singulorum.</span> <span class='ocrx_word' id='word_1_88' title='bbox 543 1465 779 1522; x_wconf 85' lang='lat' dir='ltr'>sapientiae</span> <span class='ocrx_word' id='word_1_89' title='bbox 816 1465 936 1521; x_wconf 91' lang='lat' dir='ltr'>quasi</span> <span class='ocrx_word' id='word_1_90' title='bbox 982 1465 1306 1509; x_wconf 87' lang='lat' dir='ltr'>fundamentum</span> <span class='ocrx_word' id='word_1_91' title='bbox 1347 1465 1488 1521; x_wconf 89' lang='lat' dir='ltr'>fuerit,</span> <span class='ocrx_word' id='word_1_92' title='bbox 1535 1469 1702 1508; x_wconf 89' lang='lat' dir='ltr'>veteres</span> 
     </span>
     <span class='ocr_line' id='line_1_14' title="bbox 246 1551 1701 1609; baseline 0.001 -15"><span class='ocrx_word' id='word_1_93' title='bbox 246 1551 433 1595; x_wconf 85' lang='lat' dir='ltr'>tradunt.</span> <span class='ocrx_word' id='word_1_94' title='bbox 482 1551 680 1595; x_wconf 89' lang='lat' dir='ltr'>Bianti</span> <span class='ocrx_word' id='word_1_95' title='bbox 725 1553 855 1609; x_wconf 82' lang='lat' dir='ltr'>vulgo</span> <span class='ocrx_word' id='word_1_96' title='bbox 902 1553 1149 1595; x_wconf 89' lang='lat' dir='ltr'>attribuitur</span> <span class='ocrx_word' id='word_1_97' title='bbox 1194 1553 1299 1594; x_wconf 91' lang='lat' dir='ltr'>illud</span> <span class='ocrx_word' id='word_1_98' title='bbox 1330 1552 1464 1609; x_wconf 76' lang='grc' dir='ltr'><em>μηδὲν</em></span> <span class='ocrx_word' id='word_1_99' title='bbox 1490 1551 1616 1607; x_wconf 72' lang='grc' dir='ltr'><em>ἄγαν,</em></span> <span class='ocrx_word' id='word_1_100' title='bbox 1649 1553 1701 1596; x_wconf 88' lang='lat' dir='ltr'>de</span> 
     </span>
     <span class='ocr_line' id='line_1_15' title="bbox 244 1638 1701 1695; baseline 0.001 -13"><span class='ocrx_word' id='word_1_101' title='bbox 244 1639 364 1682; x_wconf 90' lang='lat' dir='ltr'>cuius</span> <span class='ocrx_word' id='word_1_102' title='bbox 409 1644 554 1684; x_wconf 90' lang='lat' dir='ltr'>tamen</span> <span class='ocrx_word' id='word_1_103' title='bbox 599 1655 701 1683; x_wconf 87' lang='lat' dir='ltr'>vero</span> <span class='ocrx_word' id='word_1_104' title='bbox 746 1644 917 1684; x_wconf 90' lang='lat' dir='ltr'>auctore</span> <span class='ocrx_word' id='word_1_105' title='bbox 948 1641 1178 1683; x_wconf 88' lang='lat' dir='ltr'>dubitatur.</span> <span class='ocrx_word' id='word_1_106' title='bbox 1209 1638 1242 1695; x_wconf 74' lang='lat'>4)</span> <span class='ocrx_word' id='word_1_107' title='bbox 1287 1641 1511 1684; x_wconf 88' lang='lat' dir='ltr'>Phaedrae</span> <span class='ocrx_word' id='word_1_108' title='bbox 1558 1646 1701 1684; x_wconf 88' lang='lat' dir='ltr'>autem</span> 
     </span>
     <span class='ocr_line' id='line_1_16' title="bbox 243 1727 1700 1785; baseline 0.001 -16"><span class='ocrx_word' id='word_1_109' title='bbox 243 1727 405 1782; x_wconf 84' lang='lat' dir='ltr'>nutrix,</span> <span class='ocrx_word' id='word_1_110' title='bbox 436 1731 485 1769; x_wconf 92' lang='lat' dir='ltr'>ut</span> <span class='ocrx_word' id='word_1_111' title='bbox 512 1742 638 1784; x_wconf 90' lang='lat' dir='ltr'>saepe</span> <span class='ocrx_word' id='word_1_112' title='bbox 669 1727 926 1784; x_wconf 86' lang='lat' dir='ltr'>Euripideae</span> <span class='ocrx_word' id='word_1_113' title='bbox 956 1743 1162 1785; x_wconf 89' lang='lat' dir='ltr'>personae</span> <span class='ocrx_word' id='word_1_114' title='bbox 1192 1728 1527 1771; x_wconf 88' lang='lat' dir='ltr'>mediocritatem</span> <span class='ocrx_word' id='word_1_115' title='bbox 1554 1732 1596 1771; x_wconf 91' lang='lat' dir='ltr'>et</span> <span class='ocrx_word' id='word_1_116' title='bbox 1612 1743 1700 1771; x_wconf 91' lang='lat' dir='ltr'>mo-</span> 
     </span>
     <span class='ocr_line' id='line_1_17' title="bbox 239 1813 1701 1873; baseline 0.002 -17"><span class='ocrx_word' id='word_1_117' title='bbox 239 1813 420 1858; x_wconf 88' lang='lat' dir='ltr'>destiam</span> <span class='ocrx_word' id='word_1_118' title='bbox 449 1814 709 1872; x_wconf 86' lang='lat' dir='ltr'>praedicant,</span> <span class='ocrx_word' id='word_1_119' title='bbox 741 1815 849 1857; x_wconf 90' lang='lat' dir='ltr'>illud</span> <span class='ocrx_word' id='word_1_120' title='bbox 884 1830 963 1870; x_wconf 89' lang='lat' dir='ltr'>„ne</span> <span class='ocrx_word' id='word_1_121' title='bbox 994 1816 1096 1873; x_wconf 91' lang='lat' dir='ltr'>quid</span> <span class='ocrx_word' id='word_1_122' title='bbox 1126 1815 1281 1858; x_wconf 83' lang='lat' dir='ltr'>nimis’&#39;</span> <span class='ocrx_word' id='word_1_123' title='bbox 1307 1816 1465 1859; x_wconf 88' lang='lat' dir='ltr'>laudat.</span> <span class='ocrx_word' id='word_1_124' title='bbox 1501 1817 1535 1871; x_wconf 90' lang='lat'>⁵)</span> <span class='ocrx_word' id='word_1_125' title='bbox 1566 1816 1701 1859; x_wconf 91' lang='lat' dir='ltr'>Aliud</span> 
     </span>
     <span class='ocr_line' id='line_1_18' title="bbox 241 1880 1701 1960; baseline 0.002 -17"><span class='ocrx_word' id='word_1_126' title='bbox 241 1900 430 1944; x_wconf 75' lang='lat' dir='ltr'>eiusdem</span> <span class='ocrx_word' id='word_1_127' title='bbox 460 1880 663 1959; x_wconf 90' lang='lat' dir='ltr'>sapientis</span> <span class='ocrx_word' id='word_1_128' title='bbox 693 1903 762 1944; x_wconf 84' lang='grc' dir='ltr'><strong><em>δεῖ</em></strong></span> <span class='ocrx_word' id='word_1_129' title='bbox 801 1901 943 1956; x_wconf 78' lang='grc' dir='ltr'><em>φιλεῖν</em></span> <span class='ocrx_word' id='word_1_130' title='bbox 988 1902 1043 1950; x_wconf 73' lang='grc' dir='ltr'>ὦς</span> <span class='ocrx_word' id='word_1_131' title='bbox 1065 1904 1324 1960; x_wconf 75' lang='grc' dir='ltr'><em>μισήσοντας</em></span> <span class='ocrx_word' id='word_1_132' title='bbox 1358 1906 1435 1944; x_wconf 85' lang='grc' dir='ltr'>καί</span> <span class='ocrx_word' id='word_1_133' title='bbox 1469 1905 1606 1958; x_wconf 85' lang='grc' dir='ltr'><em>μισεῖν</em></span> <span class='ocrx_word' id='word_1_134' title='bbox 1647 1904 1701 1952; x_wconf 74' lang='grc' dir='ltr'>ὥς</span> 
     </span>
     <span class='ocr_line' id='line_1_19' title="bbox 239 1987 1699 2050; baseline 0.005 -21"><span class='ocrx_word' id='word_1_135' title='bbox 239 1987 519 2046; x_wconf 78' lang='grc' dir='ltr'><em>φιλη’σοντας</em></span> <span class='ocrx_word' id='word_1_136' title='bbox 563 1990 816 2034; x_wconf 87' lang='lat' dir='ltr'>Aristoteles</span> <span class='ocrx_word' id='word_1_137' title='bbox 851 1991 885 2046; x_wconf 73' lang='grc' dir='ltr'>ὓ)</span> <span class='ocrx_word' id='word_1_138' title='bbox 917 1992 1038 2034; x_wconf 90' lang='lat' dir='ltr'>nobis</span> <span class='ocrx_word' id='word_1_139' title='bbox 1069 1993 1268 2048; x_wconf 87' lang='lat' dir='ltr'>servavit,</span> <span class='ocrx_word' id='word_1_140' title='bbox 1287 1993 1398 2050; x_wconf 93' lang='lat' dir='ltr'>quod</span> <span class='ocrx_word' id='word_1_141' title='bbox 1413 1997 1699 2050; x_wconf 89' lang='lat' dir='ltr'>praeceptum,</span> 
     </span>
     <span class='ocr_line' id='line_1_20' title="bbox 240 2076 1702 2140; baseline 0.004 -22"><span class='ocrx_word' id='word_1_142' title='bbox 240 2076 276 2118; x_wconf 93' lang='lat' dir='ltr'>si</span> <span class='ocrx_word' id='word_1_143' title='bbox 321 2076 560 2140; x_wconf 85' lang='lat' dir='ltr'>Diogenem</span> <span class='ocrx_word' id='word_1_144' title='bbox 608 2079 809 2122; x_wconf 89' lang='lat' dir='ltr'>Laertem</span> <span class='ocrx_word' id='word_1_145' title='bbox 840 2079 870 2134; x_wconf 71' lang='grc'>7)</span> <span class='ocrx_word' id='word_1_146' title='bbox 902 2080 1111 2135; x_wconf 90' lang='lat' dir='ltr'>audimus,</span> <span class='ocrx_word' id='word_1_147' title='bbox 1160 2080 1262 2123; x_wconf 91' lang='lat' dir='ltr'>Bias</span> <span class='ocrx_word' id='word_1_148' title='bbox 1293 2081 1507 2124; x_wconf 89' lang='lat' dir='ltr'>illustrare</span> <span class='ocrx_word' id='word_1_149' title='bbox 1539 2082 1702 2124; x_wconf 87' lang='lat' dir='ltr'>solebat</span> 
     </span>
     <span class='ocr_line' id='line_1_21' title="bbox 239 2163 1700 2225; baseline 0.005 -19"><span class='ocrx_word' id='word_1_150' title='bbox 239 2163 395 2207; x_wconf 80' lang='lat' dir='ltr'>additis</span> <span class='ocrx_word' id='word_1_151' title='bbox 425 2165 566 2208; x_wconf 88' lang='lat' dir='ltr'>verbis</span> <span class='ocrx_word' id='word_1_152' title='bbox 595 2165 638 2208; x_wconf 80' lang='grc' dir='ltr'>οἱ</span> <span class='ocrx_word' id='word_1_153' title='bbox 659 2166 741 2224; x_wconf 72' lang='grc' dir='ltr'>γάρ</span> <span class='ocrx_word' id='word_1_154' title='bbox 766 2166 955 2208; x_wconf 79' lang='grc' dir='ltr'><em>πλεῖστοι</em></span> <span class='ocrx_word' id='word_1_155' title='bbox 982 2169 1117 2209; x_wconf 85' lang='grc' dir='ltr'><em>κακοί.</em></span> <span class='ocrx_word' id='word_1_156' title='bbox 1159 2168 1400 2225; x_wconf 88' lang='lat' dir='ltr'>Utramque</span> <span class='ocrx_word' id='word_1_157' title='bbox 1431 2173 1575 2212; x_wconf 91' lang='lat' dir='ltr'>autem</span> <span class='ocrx_word' id='word_1_158' title='bbox 1606 2184 1700 2213; x_wconf 92' lang='lat' dir='ltr'>sen-</span> 
     </span>
     <span class='ocr_line' id='line_1_22' title="bbox 171 2242 1699 2312; baseline 0.005 -19"><span class='ocrx_word' id='word_1_159' title='bbox 171 2242 175 2247; x_wconf 43' lang='lat'><em>*</em></span> <span class='ocrx_word' id='word_1_160' title='bbox 238 2251 419 2295; x_wconf 87' lang='lat' dir='ltr'>tentiam</span> <span class='ocrx_word' id='word_1_161' title='bbox 451 2267 571 2296; x_wconf 89' lang='lat' dir='ltr'>suam</span> <span class='ocrx_word' id='word_1_162' title='bbox 602 2253 702 2296; x_wconf 87' lang='lat' dir='ltr'>facit</span> <span class='ocrx_word' id='word_1_163' title='bbox 731 2253 850 2297; x_wconf 82' lang='lat' dir='ltr'>Aiax</span> <span class='ocrx_word' id='word_1_164' title='bbox 867 2254 1136 2312; x_wconf 83' lang='lat' dir='ltr'>Sophocleus.</span> <span class='ocrx_word' id='word_1_165' title='bbox 1166 2256 1199 2311; x_wconf 78' lang='lat'>⁸)</span> <span class='ocrx_word' id='word_1_166' title='bbox 1240 2256 1498 2300; x_wconf 81' lang='lat' dir='ltr'>Chilonis</span> <span class='ocrx_word' id='word_1_167' title='bbox 1530 2262 1699 2301; x_wconf 88' lang='lat' dir='ltr'>senten-</span> 
     </span>
    </p>
   </div>
   <div class='ocr_carea' id='block_1_3' title="bbox 239 2339 1700 2404">
    <p class='ocr_par' dir='ltr' id='par_1_3' title="bbox 239 2339 1700 2404">
     <span class='ocr_line' id='line_1_23' title="bbox 239 2339 1700 2404; baseline 0.005 -22"><span class='ocrx_word' id='word_1_168' title='bbox 239 2339 344 2382; x_wconf 90' lang='lat' dir='ltr'>tiam</span> <span class='ocrx_word' id='word_1_169' title='bbox 395 2339 660 2383; x_wconf 89' lang='lat' dir='ltr'>notissimam</span> <span class='ocrx_word' id='word_1_170' title='bbox 691 2340 814 2394; x_wconf 82' lang='grc' dir='ltr'><em>ἐγγύα</em></span> <span class='ocrx_word' id='word_1_171' title='bbox 853 2341 990 2400; x_wconf 75' lang='grc' dir='ltr'><em>’πάροι</em></span> <span class='ocrx_word' id='word_1_172' title='bbox 1023 2340 1147 2386; x_wconf 77' lang='grc' dir='ltr'><em>δ’ἄτα</em></span> <span class='ocrx_word' id='word_1_173' title='bbox 1190 2345 1236 2387; x_wconf 89' lang='lat' dir='ltr'>in</span> <span class='ocrx_word' id='word_1_174' title='bbox 1289 2345 1498 2402; x_wconf 90' lang='lat' dir='ltr'>Delphico</span> <span class='ocrx_word' id='word_1_175' title='bbox 1541 2348 1700 2404; x_wconf 90' lang='lat' dir='ltr'>templo</span> 
     </span>
    </p>
   </div>
   <div class='ocr_carea' id='block_1_4' title="bbox 249 2423 525 2431">
    <p class='ocr_par' dir='ltr' id='par_1_4' title="bbox 249 2423 525 2431">
     <span class='ocr_line' id='line_1_24' title="bbox 249 2423 525 2431; baseline 0 0"><span class='ocrx_word' id='word_1_176' title='bbox 249 2423 525 2431; x_wconf 95' lang='lat' dir='ltr'> </span> 
     </span>
    </p>
   </div>
   <div class='ocr_carea' id='block_1_5' title="bbox 284 2455 1699 2748">
    <p class='ocr_par' dir='ltr' id='par_1_5' title="bbox 284 2455 1106 2502">
     <span class='ocr_line' id='line_1_25' title="bbox 284 2455 1106 2502; baseline 0.006 -12"><span class='ocrx_word' id='word_1_177' title='bbox 284 2455 312 2500; x_wconf 86' lang='lat'>¹)</span> <span class='ocrx_word' id='word_1_178' title='bbox 338 2455 474 2491; x_wconf 90' lang='lat' dir='ltr'>Phoen.</span> <span class='ocrx_word' id='word_1_179' title='bbox 501 2457 581 2501; x_wconf 84' lang='lat'>396,</span> <span class='ocrx_word' id='word_1_180' title='bbox 606 2457 665 2493; x_wconf 82' lang='lat' dir='ltr'>El.</span> <span class='ocrx_word' id='word_1_181' title='bbox 690 2459 769 2493; x_wconf 86' lang='lat'><strong>352.</strong></span> <span class='ocrx_word' id='word_1_182' title='bbox 797 2479 836 2485; x_wconf 93' lang='lat'><em>-</em></span> <span class='ocrx_word' id='word_1_183' title='bbox 866 2459 894 2502; x_wconf 79' lang='grc'>2)</span> <span class='ocrx_word' id='word_1_184' title='bbox 922 2459 1002 2495; x_wconf 89' lang='lat' dir='ltr'>Hel.</span> <span class='ocrx_word' id='word_1_185' title='bbox 1028 2462 1106 2495; x_wconf 88' lang='lat'>514.</span> 
     </span>
    </p>

    <p class='ocr_par' dir='ltr' id='par_1_6' title="bbox 285 2513 1571 2566">
     <span class='ocr_line' id='line_1_26' title="bbox 285 2513 1571 2566; baseline 0.005 -17"><span class='ocrx_word' id='word_1_186' title='bbox 285 2514 314 2560; x_wconf 80' lang='lat'>³)</span> <span class='ocrx_word' id='word_1_187' title='bbox 340 2514 426 2549; x_wconf 87' lang='lat' dir='ltr'>Sim.</span> <span class='ocrx_word' id='word_1_188' title='bbox 452 2513 584 2560; x_wconf 84' lang='lat' dir='ltr'>fragm.</span> <span class='ocrx_word' id='word_1_189' title='bbox 612 2518 632 2551; x_wconf 85' lang='lat'>5</span> <span class='ocrx_word' id='word_1_190' title='bbox 659 2528 708 2551; x_wconf 89' lang='lat' dir='ltr'>vs.</span> <span class='ocrx_word' id='word_1_191' title='bbox 735 2519 791 2552; x_wconf 89' lang='grc'>21.</span> <span class='ocrx_word' id='word_1_192' title='bbox 818 2518 864 2553; x_wconf 90' lang='lat' dir='ltr'>ed</span> <span class='ocrx_word' id='word_1_193' title='bbox 890 2517 1035 2564; x_wconf 65' lang='lat' dir='ltr'>Bergk„</span> <span class='ocrx_word' id='word_1_194' title='bbox 1061 2519 1107 2555; x_wconf 84' lang='lat' dir='ltr'>cf.</span> <span class='ocrx_word' id='word_1_195' title='bbox 1135 2519 1244 2565; x_wconf 89' lang='lat' dir='ltr'>Soph.</span> <span class='ocrx_word' id='word_1_196' title='bbox 1269 2519 1404 2566; x_wconf 85' lang='lat' dir='ltr'>fragm.</span> <span class='ocrx_word' id='word_1_197' title='bbox 1431 2522 1510 2556; x_wconf 85' lang='lat'>234.</span> <span class='ocrx_word' id='word_1_198' title='bbox 1535 2521 1571 2557; x_wconf 89' lang='lat' dir='ltr'>b.</span> 
     </span>
    </p>

    <p class='ocr_par' dir='ltr' id='par_1_7' title="bbox 284 2577 1699 2748">
     <span class='ocr_line' id='line_1_27' title="bbox 284 2577 1698 2632; baseline 0.005 -18"><span class='ocrx_word' id='word_1_199' title='bbox 284 2579 313 2625; x_wconf 79' lang='lat'>⁴)</span> <span class='ocrx_word' id='word_1_200' title='bbox 344 2579 493 2615; x_wconf 84' lang='lat' dir='ltr'>Anthol.</span> <span class='ocrx_word' id='word_1_201' title='bbox 508 2579 555 2624; x_wconf 84' lang='lat'>11,</span> <span class='ocrx_word' id='word_1_202' title='bbox 568 2582 630 2615; x_wconf 83' lang='lat'>48:</span> <span class='ocrx_word' id='word_1_203' title='bbox 649 2581 771 2628; x_wconf 77' lang='grc' dir='ltr'><em>μηδὲν</em></span> <span class='ocrx_word' id='word_1_204' title='bbox 805 2581 906 2628; x_wconf 75' lang='grc' dir='ltr'>ἄγαν</span> <span class='ocrx_word' id='word_1_205' title='bbox 928 2581 1003 2618; x_wconf 78' lang='grc' dir='ltr'>τῶν</span> <span class='ocrx_word' id='word_1_206' title='bbox 1038 2582 1131 2619; x_wconf 81' lang='grc' dir='ltr'>ἑπτοῖ</span> <span class='ocrx_word' id='word_1_207' title='bbox 1156 2582 1286 2632; x_wconf 78' lang='grc' dir='ltr'><em>σοφῶν</em></span> <span class='ocrx_word' id='word_1_208' title='bbox 1309 2583 1330 2618; x_wconf 77' lang='grc' dir='ltr'><em>ὅ</em></span> <span class='ocrx_word' id='word_1_209' title='bbox 1347 2584 1561 2632; x_wconf 81' lang='grc' dir='ltr'><em>σοφώτατος</em></span> <span class='ocrx_word' id='word_1_210' title='bbox 1577 2577 1698 2625; x_wconf 78' lang='grc' dir='ltr'><em>εἶπεν.</em></span> 
     </span>
     <span class='ocr_line' id='line_1_28' title="bbox 286 2642 1699 2697; baseline 0.008 -20"><span class='ocrx_word' id='word_1_211' title='bbox 286 2642 314 2684; x_wconf 82' lang='lat'>⁵)</span> <span class='ocrx_word' id='word_1_212' title='bbox 343 2643 451 2688; x_wconf 87' lang='lat' dir='ltr'>Hipp.</span> <span class='ocrx_word' id='word_1_213' title='bbox 478 2645 555 2679; x_wconf 80' lang='lat'>265.</span> <span class='ocrx_word' id='word_1_214' title='bbox 583 2665 628 2670; x_wconf 94' lang='lat'>—</span> <span class='ocrx_word' id='word_1_215' title='bbox 667 2645 693 2687; x_wconf 74' lang='lat'>⁶)</span> <span class='ocrx_word' id='word_1_216' title='bbox 720 2646 822 2681; x_wconf 79' lang='lat' dir='ltr'>Arist</span> <span class='ocrx_word' id='word_1_217' title='bbox 850 2647 958 2683; x_wconf 86' lang='lat' dir='ltr'>Rhet.</span> <span class='ocrx_word' id='word_1_218' title='bbox 986 2650 1018 2693; x_wconf 87' lang='grc'>2,</span> <span class='ocrx_word' id='word_1_219' title='bbox 1046 2651 1099 2684; x_wconf 88' lang='grc'>13.</span> <span class='ocrx_word' id='word_1_220' title='bbox 1126 2670 1170 2674; x_wconf 94' lang='grc'><strong>-</strong></span> <span class='ocrx_word' id='word_1_221' title='bbox 1200 2650 1224 2695; x_wconf 72' lang='grc' dir='ltr'>ἵ)</span> <span class='ocrx_word' id='word_1_222' title='bbox 1253 2649 1358 2695; x_wconf 87' lang='lat' dir='ltr'>Diog.</span> <span class='ocrx_word' id='word_1_223' title='bbox 1385 2650 1505 2685; x_wconf 86' lang='lat' dir='ltr'>Laert.</span> <span class='ocrx_word' id='word_1_224' title='bbox 1531 2651 1561 2693; x_wconf 94' lang='lat'>1,</span> <span class='ocrx_word' id='word_1_225' title='bbox 1586 2653 1642 2697; x_wconf 83' lang='lat'>87,</span> <span class='ocrx_word' id='word_1_226' title='bbox 1668 2654 1699 2688; x_wconf 84' lang='lat'>6.</span> 
     </span>
     <span class='ocr_line' id='line_1_29' title="bbox 287 2701 512 2748; baseline 0.004 -12"><span class='ocrx_word' id='word_1_227' title='bbox 287 2701 319 2748; x_wconf 74' lang='grc' dir='ltr'>θ)</span> <span class='ocrx_word' id='word_1_228' title='bbox 347 2702 406 2738; x_wconf 80' lang='lat' dir='ltr'>Ai.</span> <span class='ocrx_word' id='word_1_229' title='bbox 433 2703 512 2739; x_wconf 82' lang='lat'><strong>678.</strong></span> 
     </span>
    </p>
   </div>
  </div>
 </body>
</html>
