2080 3314
1061 341 1142 384 120

379 450 566 511 Helena*
596 482 718 525 porro
768 469 928 524 tragica
978 483 1062 511 non
1117 473 1180 512 est
1233 469 1415 513 Veneris
1459 470 1642 526 victima,
1690 485 1816 528 quam

379 555 637 613 poenitentia
682 560 724 598 et
768 556 902 613 pudor
946 560 1118 612 vexant,
1166 557 1239 600 sed
1284 557 1487 613 adultera,
1535 573 1643 615 quae
1688 559 1816 601 etiam

379 647 643 686 veterascens
675 646 785 685 artes
816 658 912 685 suas
943 658 1027 686 non
1048 644 1256 687 dedidicit.
1276 644 1308 699 ¹)
1341 644 1510 688 Orestes
1528 649 1681 700 autem,
1699 645 1816 688 cuius

379 728 661 770 matricidium
687 742 740 770 ne
767 727 1063 784 Agamemnon
1085 730 1254 786 quidem
1271 731 1485 773 redivivus
1503 732 1679 788 probare
1697 734 1816 788 potu-

378 815 492 869 isset,
514 814 546 868 2)
587 815 780 871 quamvis
820 814 921 857 deus
957 815 1046 872 ipse
1088 830 1184 876 eum
1215 817 1269 859 ad
1298 818 1459 860 facinus
1489 819 1816 876 perpetrandum

381 902 640 957 excitaverit,
673 916 828 958 angore
846 903 1120 946 conscientiae
1145 904 1578 962 alucinationibusque
1594 906 1813 949 cruciatur.

438 989 535 1031 Non
579 991 745 1031 tantum
789 1003 1016 1045 paucorum
1061 989 1236 1032 heroum
1281 991 1443 1033 indoles
1495 994 1621 1048 atque
1666 995 1819 1037 natura

382 1076 504 1117 aliter
546 1079 671 1132 atque
714 1075 1032 1132 antiquissimae
1068 1077 1314 1120 traditiones
1345 1079 1559 1121 finxerant
1595 1094 1620 1122 a
1649 1080 1818 1137 tragicis

382 1166 763 1219 repraesentantur,
807 1163 879 1206 sed
919 1178 1063 1206 omnes
1104 1165 1287 1220 tragicae
1321 1180 1536 1222 personae,
1568 1166 1693 1224 prisci
1723 1168 1819 1211 aevi

381 1250 551 1306 ingenio
582 1254 784 1305 carentes,
803 1251 1082 1293 recentiorum
1098 1251 1317 1294 hominum
1344 1253 1453 1296 facta
1470 1257 1512 1296 et
1527 1254 1670 1309 verba,
1686 1254 1818 1297 virtu-

382 1341 444 1379 tes
476 1340 518 1379 et
543 1337 647 1379 vitia
674 1337 909 1394 adaequare
933 1339 1080 1381 solent.
1112 1338 1423 1382 Fortitudinem
1440 1341 1565 1396 enim,
1585 1355 1691 1398 quae
1707 1342 1818 1400 apud

381 1425 615 1468 Homerum
670 1425 822 1468 animis
877 1426 1006 1468 insita
1047 1429 1173 1483 atque
1212 1427 1359 1469 innata
1404 1427 1584 1483 videtur,
1631 1428 1731 1472 disci
1777 1434 1819 1472 et

387 1513 525 1556 doceri
570 1528 690 1570 posse
730 1512 938 1556 Adrastus
984 1513 1247 1571 Euripideus·
1277 1515 1470 1558 affirmat.
1488 1515 1521 1570 3)
1562 1516 1726 1559 Heroes
1755 1517 1818 1559 illi

381 1602 452 1658 qui
492 1601 614 1644 toties
653 1615 809 1657 genere
839 1601 1085 1657 gloriantur,
1118 1602 1287 1657 longam
1317 1602 1523 1644 maiorum
1555 1603 1704 1645 seriem
1735 1603 1818 1646 iac-

381 1693 532 1744 tantes,
574 1703 659 1731 non
699 1689 818 1731 facile
849 1703 944 1730 cum
975 1688 1154 1731 Hecuba
1184 1689 1415 1746 Euripidea
1430 1689 1463 1743 4)
1495 1689 1688 1732 fecissent
1719 1682 1835 1732 e'du-'

381 1777 587 1820 cationem
633 1776 843 1818 nobilibus
887 1776 1132 1833 parentibus
1177 1780 1391 1833 praestare
1421 1776 1703 1833 praedicante,
1741 1791 1819 1819 nec

380 1862 693 1919 Agamemnoni
711 1861 742 1918 ⁵)
784 1862 1026 1919 adstipulati
1071 1867 1223 1918 essent,
1271 1864 1342 1920 qui
1382 1847 1526 1906 senem
1572 1864 1818 1908 servitorem

381 1950 525 1992 laudat
581 1954 622 1992 et
678 1950 937 1992 fortunatum
996 1963 1086 1991 esse
1128 1949 1228 1991 dicit
1274 1950 1383 2006 quod
1429 1950 1636 2006 inglorius,
1678 1951 1732 1992 sit
1777 1954 1819 1993 et

381 2036 590 2092 ignobilis.
663 2035 862 2078 Habendi
913 2035 1151 2092 cupiditatis
1198 2035 1346 2078 heroes
1394 2036 1654 2091 Homericos,
1702 2023 1819 2080 velut

382 2139 545 2180 pueros,
593 2137 677 2165 non
723 2123 864 2180 pudet,
912 2137 1142 2180 numquam
1174 2138 1258 2166 non
1302 2123 1514 2166 inhiantes
1543 2123 1702 2166 divitiis
1732 2125 1818 2182 opi-

382 2212 555 2267 busque,
597 2225 700 2266 quas
748 2225 877 2252 vanas
924 2225 1027 2264 esse,
1074 2225 1224 2267 parum
1270 2209 1454 2265 stabiles,
1492 2211 1641 2267 tragici
1670 2211 1818 2254 heroes

383 2298 628 2340 didicerunt.
652 2297 685 2351 ὓ)
727 2297 852 2339 Hanc
893 2298 944 2340 ob
987 2312 1076 2340 rem
1117 2289 1365 2341 modestiam
1407 2302 1449 2341 et
1489 2299 1818 2342 mediocritatem

383 2399 593 2426 summum
623 2385 760 2426 locum
790 2388 934 2427 tenere
965 2384 1140 2428 Medeae
1171 2385 1330 2440 nutrix,
1363 2386 1506 2427 multis
1536 2386 1630 2428 aliis
1651 2385 1819 2442 tragicis

428 2533 453 2578 ¹)
481 2533 539 2568 Or.
568 2535 633 2569 128
658 2544 735 2578 sqq.
761 2533 807 2567 cf.
833 2533 883 2568 id.
911 2535 1011 2575 1012,
1038 2534 1140 2577 1113,
1167 2533 1298 2568 Troad.
1326 2535 1415 2569 1107
1441 2535 1478 2568 et
1501 2518 1647 2579 passim.

430 2591 457 2635 ²)
484 2591 543 2627 Or.
568 2592 646 2626 283.
671 2611 716 2617 ——
748 2591 772 2632 ⁸)
800 2590 886 2626 Eur.
913 2590 1037 2636 Suppl.
1064 2593 1142 2626 913.
1167 2611 1212 2616 ——
1243 2593 1272 2637 ⁴)
1296 2591 1383 2627 Hec.
1408 2592 1487 2627 599.
1511 2611 1558 2618 -
1583 2591 1610 2637 ⁵)
1634 2591 1662 2627 Ι.
1689 2591 1734 2626 A.
1762 2592 1814 2626 17.

432 2648 459 2694 ⁰)
485 2648 571 2684 Eur.
596 2648 654 2685 El.
679 2649 745 2684 941
773 2659 850 2694 sqq.
