2080 3314
959 351 1014 397 55

256 474 489 540 antiquitus
519 479 670 523 eadem
685 479 869 522 'nomina
889 476 1102 535 habuisse,
1121 494 1230 537 quae
1248 480 1407 537 postea,
1426 482 1514 522 tam
1531 472 1709 534 tragico-

255 579 350 614 rum
391 579 519 626 quam
560 567 801 611 Pausaniae
818 568 851 622 1)
895 570 1048 623 aetate,
1091 566 1137 611 in
1178 582 1258 610 usu
1299 568 1457 611 fuerint
1488 575 1573 610 non
1603 565 1707 609 mihi

253 655 486 702 verisimile
551 656 611 711 fit,
678 656 930 713 praesertim
997 665 1127 713 quum
1188 660 1309 713 porta
1365 654 1534 712 Ogygia
1549 654 1596 709 2),
1656 654 1709 697 ab

253 743 467 802 Aeschylo
515 743 687 788 Oneaea
702 744 738 800 ³)
784 745 908 800 dieta,
957 755 1113 788 nomen
1159 755 1283 787 suum
1323 744 1448 787 ducat
1489 758 1515 786 a
1550 744 1708 800 templo

254 833 511 887 suburbano,
553 832 776 875 Minervae
820 832 1015 876 Oneaeae
1045 833 1249 887 dedicato,
1282 832 1392 890 quod
1423 832 1527 875 deae
1558 845 1709 887 cogno-

253 929 354 964 men
383 919 573 963 Homero
602 929 773 977 prorsus
802 919 995 976 ignotum
1028 920 1131 963 erat.
1166 919 1371 962 Similiter
1398 932 1534 976 neque
1565 917 1708 961 Diana

255 1007 408 1051 Euolia
440 1007 457 1062 )
488 1016 627 1065 neque
653 1006 809 1065 Apollo
825 1008 1050 1065 Lyneaeus
1067 1007 1101 1062 5)
1119 1008 1232 1064 apud
1255 1007 1494 1050 Homerum
1512 1007 1703 1061 audiunt,

253 1104 363 1153 quae
378 1095 569 1150 numina,
587 1096 666 1138 sub
682 1095 1003 1152 cognominibus
1020 1095 1215 1150 laudatis,
1233 1095 1433 1137 historica
1443 1096 1581 1137 aetate
1594 1086 1706 1136 The-

253 1182 320 1225 bis
346 1183 506 1240 templa
530 1183 759 1227 habebant.
789 1183 948 1227 Ismeni
965 1183 999 1238 6)
1026 1183 1250 1226 delubrum
1270 1182 1512 1240 posterioris
1534 1182 1709 1239 originis

254 1269 384 1313 misse
405 1273 569 1314 constat
590 1271 691 1328 quia
706 1271 751 1313 in
776 1283 825 1314 eo
842 1265 1013 1328 exigue
1030 1270 1236 1313 divinatio
1253 1269 1581 1325 exercitabatur,
1599 1278 1708 1327 quae

254 1361 304 1400 ut
317 1365 420 1400 mox
439 1351 822 1401 demonstrabimus
834 1359 867 1413 ⁷)
890 1358 1070 1402 Homeri
1093 1360 1233 1401 aetate
1245 1357 1433 1423 nondum
1451 1357 1707 1399 innotuerat.

312 1438 464 1502 Neque
493 1440 802 1489 Thessalus
835 1446 1029 1503 populus,
1058 1453 1184 1503 quem
1206 1446 1318 1488 inter
1335 1445 1519 1488 Graeco·
1537 1444 1709 1487 Troiam

253 1538 548 1591 oppugnantes
575 1534 802 1591 Neptunus
830 1539 1026 1578 numerat
1044 1534 1090 1590 ⁸),
1116 1542 1255 1591 neque
1271 1534 1507 1588 Thessalia,
1525 1533 1709 1589 regionis

251 1610 421 1676 nomen,
454 1615 566 1678 apud
596 1621 835 1665 Homerum
867 1626 1103 1665 occurrunt.
1136 1620 1321 1664 Aleuam
1352 1621 1538 1676 demum,
1563 1621 1709 1677 quiex

252 1701 455 1751 Herculis
483 1709 615 1766 stirpe
646 1709 775 1752 fixisse
807 1703 972 1765 dicitur,
1005 1709 1272 1752 Thessaliam
1303 1709 1348 1750 in
1361 1712 1541 1766 quatuor
1566 1713 1709 1765 partes

179 1817 182 1819 ·
252 1795 343 1839 sive
399 1796 630 1839 tetraehias
681 1797 874 1840 divisisse
922 1800 1088 1839 veteres
1135 1796 1309 1839 tradunt
1325 1788 1372 1850 ⁹).
1420 1795 1709 1838 Nihilominus

251 1883 298 1926 in
337 1882 567 1939 Alcestide9
615 1884 660 1926 in
707 1894 791 1941 qua
836 1885 982 1927 fabula
1028 1884 1239 1927 Hercules
1284 1884 1376 1941 ipse
1420 1887 1563 1940 partes
1606 1882 1707 1940 agit,

251 1969 462 2014 Admetus
503 1971 737 2014 tetraehiae
773 1972 858 2014 iam
892 1980 970 2014 rex
1001 1976 1065 2014 est
1090 1971 1152 2026 10).
1186 1964 1329 2014 Etiam
1360 1971 1593 2013 Pharsalus
1631 1972 1708 2013 sub

209 2056 213 2060 ”
252 2052 434 2101 Achillis
473 2058 762 2101 dominatione
795 2059 844 2113 ¹¹)
901 2059 982 2101 fuit
1027 2060 1073 2101 in
1120 2069 1204 2116 qua
1250 2059 1421 2115 regione
1452 2058 1708 2101 Thetideum

252 2145 383 2188 misse
412 2145 564 2188 Strabo
583 2146 632 2200 ¹2)
663 2146 806 2202 doeet3
838 2151 929 2190 tota
957 2147 1071 2190 enim
1102 2147 1177 2189 illa
1199 2147 1445 2189 Thessaliae
1462 2159 1572 2203 pare,
1601 2149 1709 2188 teste

251 2231 469 2276 Herodoto
487 2231 550 2288 ¹³),
594 2233 766 2276 Thetidi
808 2238 1051 2277 consecrata
1091 2239 1196 2288 erat,
1230 2234 1275 2275 in
1306 2248 1388 2290 quo
1419 2233 1611 2276 Thetidis
1643 2244 1709 2275 sa-

296 2318 326 2362 1)
351 2317 457 2352 Paua.
485 2317 546 2353 IX.
572 2318 593 2352 8
620 2329 697 2363 sqq.
724 2335 768 2343 ——
794 2320 825 2363 ²)
850 2319 984 2354 Phoen.
1015 2321 1113 2354 1113.
1142 2335 1182 2344 -ι
1209 2320 1240 2364 3)
1267 2318 1363 2363 Sept.
1389 2320 1456 2353 483
1474 2314 1704 2359 of.501,460.

294 2375 325 2422 4)
353 2375 394 2411 Ο.
421 2375 464 2410 R.
493 2377 558 2410 161
585 2375 631 2410 cf.
657 2377 763 2412 Paus.
789 2377 851 2420 IX,
880 2380 932 2412 17.
963 2380 992 2412 1.
1612 2414 1620 2424 ‚

218 2453 224 2458 -
294 2431 324 2481 ὃ)
353 2429 392 2470 (1.
419 2428 463 2469 R.
488 2431 568 2478 204,
594 2433 675 2478 919,
701 2435 799 2480 Sept.
828 2438 908 2475 145,
931 2436 1039 2481 Soph.
1066 2428 1122 2470 Ei.
1148 2433 1227 2470 645.
1252 2448 1299 2460 -ι-
1323 2438 1351 2478 ὓ)
1380 2433 1420 2470 O.
1450 2432 1492 2470 R.
1518 2436 1573 2469 21.

295 2495 326 2538 7)
350 2491 435 2537 Cap.
465 2491 526 2528 VI.
553 2512 597 2517 —-
624 2492 653 2538 8)
682 2493 814 2528 Troad.
843 2496 897 2535 30,
923 2495 990 2528 241
1018 2493 1063 2528 cf.
1092 2493 1203 2528 Rhes.
1230 2495 1308 2529 699.
1336 2493 1363 2527 Ι.
1390 2493 1435 2528 Α.

295 2552 325 2599 9)
349 2553 463 2599 Harp.
489 2553 513 2588 i.
540 2558 570 2589 v.
597 2556 812 2606 τετραρχία,
839 2554 959 2591 Schol.
985 2555 1033 2590 ad
1059 2549 1164 2590 Pind.
1191 2549 1287 2601 Pyth
1328 2554 1380 2590 10.
1405 2556 1438 2590 8.

291 2613 341 2653 10)
365 2611 446 2648 Alc.
473 2611 574 2648 1154.
602 2632 642 2638 -
671 2617 717 2656 ιι)
742 2614 771 2648 1.
796 2614 840 2649 A.
866 2616 946 2658 812,
970 2612 1086 2649 Andr.
1116 2616 1168 2650 16.

289 2670 337 2718 12)
369 2670 502 2707 Strabo
528 2670 590 2714 lx,
617 2683 700 2720 pag.
725 2674 803 2708 431.
828 2692 874 2698 —
902 2674 945 2719 13)
972 2672 1122 2708 Ilm-odt.
1150 2672 1228 2717 Vll,
1256 2674 1333 2711 191.
