2080 3314
932 331 986 372 85

231 459 299 503 sit.
359 458 570 503 Fabulam
615 458 730 502 enim
776 456 1014 515 Aeschylus
1059 458 1316 515 conscripsit,
1348 457 1459 515 quod
1488 455 1684 501 Aetneae

231 546 419 591 ardentis
463 545 687 603 descriptio
727 548 908 588 testatur
947 544 990 600 ¹),
1021 545 1165 602 paullo
1195 548 1289 602 post
1320 544 1387 587 Ol.
1419 544 1607 600 LXXV,
1640 547 1680 588 2.

289 634 546 693 Sophocleus
591 633 862 689 Philoctetes,
910 634 1083 691 quinam
1116 633 1374 676 Graecorum
1415 633 1470 676 ad
1508 633 1680 677 Troiam

228 726 408 767 mortem
447 722 732 777 occubuerint,
765 721 991 778 diligenter
1020 721 1209 778 inquirit.
1238 720 1272 775 ²)
1303 721 1441 764 Nemo
1470 736 1558 764 non
1586 722 1679 779 pul-

227 810 484 855 cherrimum
513 810 666 865 locum,
699 808 753 852 ad
775 809 938 852 animos
959 812 1051 851 tum
1068 813 1351 866 spectatorum
1366 813 1458 852 tum
1474 810 1678 852 lectorum

225 899 531 958 permovendos
570 899 851 957 aptissimum,
894 898 1140 941 admiratur.
1184 898 1488 955 Neoptolemus
1519 902 1676 955 autem,

224 990 385 1034 bellum
416 1005 584 1048 semper
615 990 794 1047 optimos
826 1003 1013 1046 quosque
1043 989 1254 1046 perimere
1277 989 1350 1032 sed
1365 989 1489 1032 malis
1504 1002 1678 1047 parcere

134 1096 139 1100 ·
223 1078 455 1134 affirmans,
486 1079 717 1121 multorum
747 1077 924 1120 heroum
955 1077 1142 1120 flebilem
1172 1081 1328 1120 sortem
1358 1081 1516 1120 narrat.
1545 1076 1678 1120 Cuius

223 1165 303 1209 loci
334 1169 603 1208 venustatem
634 1169 677 1208 et
709 1165 1009 1222 simplicitaten
1039 1166 1151 1208 male
1182 1169 1368 1208 tractans
1392 1165 1626 1209 Schoellius
1645 1163 1678 1220 ³)

221 1253 268 1296 in
307 1253 489 1297 Nestore
529 1252 840 1311 Antiphontem
881 1257 1103 1308 oratorem,
1145 1254 1190 1296 in
1231 1252 1460 1297 Antilocho
1490 1253 1676 1311 Phryni-

224 1341 364 1397 chum,
395 1342 442 1384 in
461 1342 658 1385 Thersite
688 1341 994 1399 Cleophontem
1024 1342 1169 1399 populi
1191 1342 1340 1384 ducem
1357 1341 1559 1398 agnoscit.
1593 1341 1677 1391 Qui

224 1429 367 1473 credat
407 1429 658 1488 Sophoclem
695 1430 901 1473 eiusmodi
932 1429 1111 1487 argutiis
1141 1430 1554 1487 praestantissimum
1571 1444 1675 1487 opus

223 1517 426 1575 foedasse,
458 1533 557 1562 eum
586 1533 738 1576 parum
767 1518 894 1561 huius
915 1522 1065 1576 poetae
1086 1533 1258 1575 poeseos
1274 1518 1447 1575 ingenio
1461 1518 1673 1561 imbutum

219 1622 312 1652 esse
334 1607 545 1651 existimo.
578 1607 631 1650 In
663 1606 908 1664 Antigonae
940 1606 1086 1650 fabula
1117 1632 1170 1636 --
1203 1621 1311 1663 quae
1341 1606 1532 1662 heroina,
1556 1606 1674 1649 Hae-

217 1696 335 1739 moni
373 1709 540 1753 sponsa,
572 1693 800 1752 Aspasiam
842 1709 869 1737 a
908 1693 1073 1737 Pericle
1113 1698 1300 1737 amatam
1341 1694 1573 1750 significat!
1618 1718 1672 1723 —

216 1783 486 1828 celebrantur
514 1782 699 1826 hominis
729 1782 951 1839 ingenium
970 1786 1013 1825 et
1039 1782 1159 1825 varia
1185 1782 1361 1825 inventa
1377 1779 1441 1836 (τὸ
1455 1781 1673 1838 μηχανίεν

215 1876 366 1924 τέχνας
398 1869 448 1927 ⁴),
480 1886 589 1929 quae
618 1885 833 1929 perpauca
863 1871 995 1914 verba
1024 1871 1209 1914 acumini
1241 1870 1440 1914 Schoellii
1457 1870 1673 1913 sufficiunt

216 1962 267 2002 ut
304 1958 448 2002 statim
486 1959 700 2016 intelligat
739 1958 818 2001 11οο
858 1959 948 2002 1000
985 1962 1154 2016 poetam
1195 1958 1417 2001 Melissum
1447 1957 1670 2015 physicum

217 2050 262 2090 et
289 2044 569 2090 Artemonem
598 2046 932 2090 machinatorem
961 2047 1208 2089 bellicorum
1230 2049 1537 2089 tormentorum
1553 2060 1669 2103 spee-

217 2133 397 2178 tavisse:
429 2134 551 2176 illum
582 2134 698 2178 enim
729 2134 896 2190 Samiis,
927 2134 1041 2178 hunc
1071 2133 1407 2178 Atheniensibus
1439 2134 1542 2177 artis
1564 2149 1670 2178 suae

217 2218 427 2262 auxilium
457 2219 717 2276 praestitisse
748 2234 830 2276 quo
861 2223 1051 2277 tempore
1083 2220 1228 2262 fabula
1259 2219 1494 2276 conscripta
1524 2219 1591 2262 sit.

276 2306 390 2356 Quid
428 2307 671 2363 argumenti
712 2307 1087 2363 Peliadarum,
1120 2308 1237 2351 cuius
1269 2307 1512 2364 tragoediae
1542 2307 1668 2350 Euri-

217 2394 368 2453 pideae
421 2395 628 2438 nonnulla
682 2395 924 2452 fragmenta
970 2400 1154 2451 exstant,
1203 2396 1331 2440 fuerit
1377 2397 1666 2454 unusquisque

269 2589 294 2636 ¹)
318 2590 438 2627 Prom.
463 2591 531 2627 365
556 2600 636 2637 sqq.
663 2611 703 2617 —
731 2592 760 2637 ²)
786 2591 881 2628 Phil.
907 2594 976 2629 410
1000 2604 1079 2640 sqq.
1104 2614 1149 2620 —
1171 2594 1201 2639 ³)
1228 2594 1276 2630 l.l.
1302 2605 1384 2640 pag.
1411 2596 1490 2631 339.

266 2647 294 2694 ⁴)
316 2649 429 2696 Antg.
454 2650 533 2685 362.
