2080 3314
1097 357 1152 399 92

399 479 576 522 exilium
617 494 739 522 suum
778 481 839 524 ita
879 482 998 538 queri
1037 485 1085 524 ut
1125 485 1400 528 recentiorem
1441 484 1749 530 Atheniensem
1780 488 1840 532 lo-

395 570 594 623 quentem
641 567 786 610 audire
831 567 1174 626 crederemus31)
1221 570 1487 615 Alcibiadem
1534 587 1698 630 quoque
1743 589 1838 618 cum

394 654 598 696 militibus
638 655 723 696 suis
763 655 815 697 de
844 655 1000 698 iniuria
1031 661 1200 714 accepta
1230 662 1502 715 conquestum
1533 674 1636 715 esse,
1669 660 1836 719 Thucy·
1884 708 1886 710 ,

393 741 488 783 dide
519 745 699 795 auctore,
718 739 752 795 2)
783 742 987 784 novimus.
1021 743 1104 785 Sed
1135 744 1328 800 quisnam
1353 747 1466 800 exul,
1495 747 1708 790 occasione
1723 747 1834 804 data,

392 828 497 869 tales
528 827 809 883 querimonias
830 843 915 871 non
937 829 1141 872 fudisset?
1170 830 1290 880 Quod
1307 831 1529 888 Polynices
1547 834 1835 890 queribundus

391 929 476 956 non
506 914 587 956 alio
617 914 740 956 modo
770 929 860 957 rem
888 916 1122 959 considerat
1143 932 1268 973 quam
1285 922 1433 974 poetae
1451 920 1638 976 aequalis
1655 920 1832 976 fecisset,

391 1001 560 1044 omnino
577 1015 671 1043 cum
695 1001 909 1059 Euripidis
930 1004 1229 1046 consuetudine
1260 1009 1302 1047 et
1332 1009 1423 1048 arte
1439 1007 1646 1048 convenit.
1678 1007 1829 1051 Tristis

392 1088 542 1132 deinde
573 1089 669 1135 finis
700 1090 913 1146 Polynicis
943 1091 1045 1133 satis
1076 1106 1151 1134 nos
1183 1096 1325 1134 monet
1356 1107 1423 1147 ne,
1441 1093 1566 1136 rebus
1583 1094 1831 1151 quibusdam

393 1176 574 1218 fortuitis
614 1177 786 1231 inducti,
818 1181 985 1234 poetam
1016 1179 1155 1220 virum
1185 1179 1265 1221 sibi
1295 1179 1536 1222 devinctum
1566 1179 1830 1224 Alcibiadem

389 1263 435 1304 in
475 1277 642 1305 scenam
681 1263 946 1306 introducere
986 1265 1168 1307 voluisse
1203 1269 1411 1322 putemus,
1444 1267 1511 1309 cui
1541 1270 1653 1310 certe
1682 1268 1830 1312 melio-

388 1364 478 1392 rem
535 1364 661 1406 quam
712 1350 925 1407 Polynicis
971 1355 1138 1407 sortem,
1185 1352 1412 1395 immatura
1441 1357 1575 1396 morte
1604 1356 1826 1412 perempti,

388 1437 665 1494 exoptaverit.
693 1436 960 1480 Benloewius
974 1437 1005 1490 3)
1036 1439 1231 1496 perhibet
1253 1438 1397 1482 Aiacis
1415 1440 1634 1497 Sophoclei
1649 1442 1826 1485 alteram

386 1527 564 1580 partem,
601 1522 822 1566 Alcibiade
851 1525 990 1581 patria
1019 1529 1201 1580 carente,
1233 1526 1508 1583 conscriptam
1540 1542 1629 1570 esse
1645 1532 1692 1570 ut
1709 1527 1824 1571 Sala-

388 1610 522 1665 minii,
553 1614 731 1653 mortem
763 1611 827 1652 sui
857 1611 972 1653 ducis
999 1612 1206 1668 lugentes,
1225 1611 1552 1656 Atheniensium
1569 1615 1823 1658 maestitiam

390 1698 664 1740 illustrissimi
697 1699 834 1740 exulis
866 1714 991 1741 causa
1023 1700 1322 1756 exprimerent.
1355 1701 1504 1757 Neque
1535 1701 1640 1743 mihi
1657 1701 1823 1744 Schoel-

385 1786 466 1827 lius
497 1783 665 1842 aliique,
697 1785 963 1829 Alcibiadem
992 1787 1038 1828 in
1061 1787 1297 1831 Philocteta
1313 1789 1497 1845 reperire
1518 1789 1820 1845 existimantes,

385 1862 641 1916 sententiam
686 1888 806 1916 suam
850 1874 1146 1931 probaverunt.
1194 1875 1360 1918 Fabula
1394 1876 1563 1933 quidem
1594 1876 1823 1933 Sophoclea

387 1961 453 2003 Ol.
485 1960 628 2016 XLII,
661 1962 701 2015 3,
733 1964 826 2003 acta
852 1964 914 2003 est
930 1962 1072 2017 paullo
1095 1965 1316 2018 postquam
1333 1961 1574 2006 Alcibiades
1590 1963 1820 2018 restitutus,

384 2048 559 2090 victoria
590 2047 701 2104 apud
732 2046 932 2104 Cyzicum
962 2051 1189 2104 reportata,
1223 2048 1275 2090 de
1305 2049 1443 2105 patria
1473 2064 1549 2092 sua
1564 2050 1720 2106 optime
1735 2049 1822 2092 m'e-

384 2134 490 2176 ritus
521 2138 623 2189 erat,
656 2134 729 2176 sed
758 2136 926 2190 praeter
954 2134 1064 2176 hanc
1091 2134 1305 2177 fortuitam
1322 2135 1640 2179 similitudinem
1656 2137 1820 2178 nullum

383 2221 608 2276 vestigium
653 2220 699 2262 in
745 2220 976 2284 Sophoclea
1020 2221 1164 2263 fabula
1209 2221 1443 2278 reperimus
1489 2237 1562 2264 cur
1600 2222 1819 2265 credamus

382 2311 550 2363 poetam
581 2307 658 2348 sub
691 2307 838 2350 eadem
873 2322 1052 2363 persona
1081 2307 1343 2351 Philoctetae
1373 2310 1486 2352 mala
1516 2314 1558 2352 et
1589 2309 1819 2353 Alcibiadis

383 2393 692 2436 restitutionem
732 2396 1048 2450 repraesentare
1090 2394 1285 2437 voluisse.
1316 2394 1532 2439 Adversus
1563 2397 1818 2440 Schoellium

431 2593 455 2636 ¹)
480 2594 572 2630 Vide
596 2605 679 2640 pag.
707 2595 760 2630 17.
791 2613 830 2620 —
857 2594 884 2640 ²)
910 2594 1024 2630 Thuc.
1050 2594 1148 2637 VIII,
1173 2597 1206 2630 8.
1335 2628 1337 2630 .

431 2651 459 2697 ³)
486 2650 543 2688 De
569 2651 777 2697 Sophocleae
798 2651 971 2690 dictionis
989 2653 1210 2698 proprietate
1232 2657 1295 2692 cet.
1322 2665 1405 2700 pag.
1429 2656 1486 2690 70.
