2080 3314
1094 340 1148 383 34

398 467 719 526 diligentissime
770 469 1045 525 commendat,
1108 470 1224 515 addit
1287 475 1444 530 „tuque
1503 473 1586 517 ista
1639 474 1741 519 seito
1793 479 1838 520 et

400 557 531 601 menti
572 561 669 599 tuae
711 556 954 600 inscribito''
973 554 1016 611 1),
1062 557 1338 616 similiterque
1369 560 1661 617 Prometheus,
1696 562 1836 606 Choro
1862 579 1866 583 ·

399 644 471 686 Ius
511 659 671 686 errores
710 648 969 699 narraturus,
1005 646 1208 702 praecipit
1237 651 1285 689 ut
1321 662 1428 704 quae
1457 649 1613 692 dixerit
1641 651 1836 694 memori-

397 732 475 773 bus
506 731 636 772 animi
668 731 822 773 tabulis
851 731 1052 777 inscribat
1069 731 1116 786 ²).
1183 781 1186 784 Α

455 819 615 861 Eadem
646 820 919 863 translatione
948 819 1014 862 usi
1044 825 1141 863 sunt
1158 822 1340 877 tragicae
1357 835 1559 879 personae
1573 825 1648 867 ubi
1673 824 1834 874 ἐξαλεί-

397 907 594 960 ψασθαι,
614 906 724 962 quod
740 906 907 963 proprie
924 906 975 950 de
987 900 1132 957 tabula
1143 923 1264 950 cerea
1275 909 1438 964 dicitur,
1451 925 1526 966 pro
1537 910 1834 953 ἐπιλαθέσθαι

396 996 611 1048 usurpant,
654 994 771 1035 velut
810 993 989 1036 Hecuba
1028 1008 1158 1049 quum
1198 996 1389 1051 queritur
1427 1011 1474 1039 se
1514 1010 1590 1040 sua
1628 999 1742 1041 mala
1757 991 1759 993 ¹
1777 1013 1832 1042 ex

393 1071 534 1109 mente
580 1067 718 1110 delere
751 1083 833 1110 non
864 1083 983 1124 posse
999 1065 1044 1123 ⁴).
1076 1068 1195 1111 Alibi
1235 1070 1347 1112 idem
1378 1072 1554 1114 verbum
1585 1077 1831 1130 usurpatum

393 1155 624 1212 reperimus
655 1154 728 1197 ubi
759 1155 899 1210 agitur
926 1155 979 1198 de
1010 1156 1182 1198 deorum
1211 1157 1441 1200 honoribus
1471 1160 1669 1216 perituris
1686 1143 1743 1215 ⁶)‚⁴
1758 1165 1832 1204 aut

392 1241 443 1284 de
474 1242 658 1284 familiae
688 1242 863 1284 interitu
879 1239 923 1296 ⁶).
956 1242 1142 1285 Deorum
1182 1248 1322 1287 metus
1362 1249 1409 1287 ut
1446 1261 1613 1303 semper
1641 1247 1723 1290 sibi
1752 1248 1830 1290 im-

392 1332 561 1370 maneat
590 1343 668 1370 nec
697 1342 896 1384 umquam
926 1330 1167 1372 extabescat
1195 1331 1343 1373 chorus
1370 1331 1632 1390 Aeschyleus
1652 1333 1683 1388 7)
1700 1338 1828 1391 optat,

391 1431 472 1473 quo
499 1395 586 1458 loco
617 1416 792 1458 verbum
824 1415 1055 1472 ἐκτακῆναι
1086 1418 1278 1473 legimus,
1313 1419 1422 1475 quod
1438 1420 1614 1463 verbum
1633 1425 1675 1463 et
1688 1421 1827 1478 ipsum

391 1499 579 1541 tabulam
610 1513 772 1541 ceream
803 1499 847 1541 in
877 1500 1123 1542 memoriam
1154 1506 1334 1544 revocat.

446 1586 776 1642 Nonnumquam
845 1587 1046 1642 epistolae
1102 1588 1239 1630 aliave
1298 1590 1455 1645 scripta
1513 1590 1566 1632 ad
1625 1590 1826 1634 dramatis

387 1686 630 1729 progressus
648 1676 689 1714 et
705 1672 866 1714 exitum
886 1673 1134 1715 conducunt.
1153 1673 1451 1729 Agamemnon
1467 1690 1507 1717 v.
1526 1690 1558 1717 c.
1573 1673 1827 1733 Euripideus

386 1763 607 1815 postquam
681 1759 733 1801 ad
804 1774 979 1802 uxorem
1051 1774 1171 1803 suam
1226 1761 1388 1804 litteras
1452 1762 1566 1805 dedit
1611 1763 1825 1820 filiamque

386 1845 545 1887 Achilli
575 1849 802 1902 nupturam
830 1845 1058 1900 arcessivit,
1093 1847 1270 1889 alteram
1304 1848 1447 1890 scribit
1470 1849 1701 1904 epistolam,
1719 1863 1826 1906 quae

386 1932 566 1988 priorem
598 1932 761 1974 irritam
792 1932 946 1975 faceret
962 1930 1006 1986 ⁸).

441 2019 495 2060 In
535 2019 757 2075 Iphigenia
798 2019 978 2062 Taurica
1018 2020 1193 2062 recitata
1231 2020 1406 2077 epistola
1437 2021 1607 2065 Orestes
1635 2037 1823 2066 sororem

385 2120 503 2147 suam
550 2107 737 2161 agnoscit
752 2105 797 2160 9).
844 2106 1131 2162 Palamedem,
1164 2107 1281 2149 cuius
1311 2108 1550 2150 tristissima
1580 2123 1668 2151 sors
1688 2110 1822 2153 tribus

383 2193 552 2248 tragicis
582 2192 748 2235 fabulae
778 2197 1073 2249 argumentum
1104 2193 1230 2249 dedit,
1253 2195 1474 2238 subditicia
1489 2196 1677 2252 epistola„
1694 2209 1821 2252 quam

383 2281 534 2324 Ulixes
563 2282 807 2338 scripsisset,
838 2282 1048 2345 proditum
1078 2297 1168 2326 esse
1198 2288 1361 2326 veteres
1391 2284 1562 2327 tradunt
1578 2281 1636 2339 10).

435 2403 459 2446 ¹)
486 2402 577 2437 Phil.
618 2403 715 2437 1325.
751 2419 796 2428 κ·-
836 2402 866 2446 “·’>
905 2402 1025 2437 Prom.
1059 2403 1140 2437 ⁴789.
1188 2401 1225 2438 Si
1258 2403 1364 2448 plura
1398 2403 1451 2438 vis
1475 2404 1638 2440 eiusdem
1670 2405 1816 2450 generis

381 2460 519 2507 inspice
543 2459 628 2496 Cho.
658 2462 735 2501 450,
763 2460 893 2495 Aesch.
920 2460 1046 2506 suppl.
1073 2462 1150 2505 179,
1173 2462 1250 2497 991.
1299 2461 1406 2507 Soph.
1432 2461 1563 2508 fragm.
1589 2465 1669 2498 535.

427 2518 454 2564 ³)
478 2517 606 2554 Trach.
632 2520 710 2555 (383.
734 2537 781 2544 -
804 2518 835 2560 ⁴)
859 2518 946 2554 Hec.
965 2519 1042 2554 590.
1058 2517 1145 2562 ——⁵)
1159 2517 1257 2564 Sept.
1276 2520 1326 2554 15.
1348 2539 1380 2545 -·
1402 2518 1431 2566 θ)
1444 2519 1528 2555 Cho.
1545 2519 1663 2559 503.1.
1680 2517 1719 2555 Τ.
1734 2521 1819 2557 698.

427 2578 452 2621 ⁷)
478 2579 594 2615 Prom.
621 2578 697 2613 535.
723 2596 766 2603 —
790 2577 822 2620 ⁸)
848 2576 877 2611 Ι.
900 2577 945 2612 Α.
969 2577 1027 2619 99,
1050 2575 1097 2612 cf.
1115 2577 1190 2612 112.
1210 2594 1254 2603 --
1279 2576 1306 2617 ⁹)
1334 2576 1361 2612 1.
1377 2576 1417 2612 T.
1432 2576 1510 2618 727.
1525 2588 1602 2626 sqq.
1615 2587 1654 2615 et
1669 2580 1818 2625 passim.

417 2639 455 2685 ¹⁰)
480 2639 624 2677 servius
648 2638 694 2675 ad
723 2640 808 2674 Aen.
835 2637 880 2680 11,
905 2638 961 2679 80,
986 2636 1226 2673 Philostratus
1251 2635 1335 2673 Her.
1360 2635 1404 2684 X,
1427 2638 1465 2680 ¹8,
1496 2639 1547 2673 12.
