2080 3314
1083 372 1136 413 56

394 495 498 539 cello
527 495 657 551 igitur
687 494 917 551 Euripidea
946 494 1242 539 Andromache
1273 497 1451 553 supplex
1468 495 1665 540 consedit.
1682 496 1828 540 Dolosi

394 582 691 625 Thessalorum
721 598 857 625 mores
887 583 999 640 apud
1020 588 1206 640 posteros
1222 584 1282 627 ita
1299 585 1446 627 famosi
1463 589 1583 627 erant
1599 589 1645 627 ut
1660 582 1709 625 τὸ
1725 585 1828 626 Θεσ-

395 669 527 712 σαλὸν
574 670 765 723 σόφισμα
783 666 814 724 1)
862 670 1034 713 Graecis
1078 671 1124 712 in
1169 672 1389 728 proverbio
1436 676 1556 726 esset,
1603 673 1720 715 euius
1765 670 1828 714 rei

394 758 599 800 nonnulla
629 758 825 814 exempla
853 758 898 799 in
930 757 1104 800 Scholiis
1134 759 1192 800 1.1.
1225 759 1430 816 inspicere
1460 760 1569 802 licet.

454 928 718 986 Ampliorem
759 929 886 971 totius
926 929 1037 971 orbis
1083 933 1291 972 terrarum
1332 930 1611 986 cognitionem
1641 931 1830 976 ubicum-

397 1033 476 1076 que
517 1018 628 1076 apud
668 1018 848 1073 tragicos
889 1031 1015 1073 quam
1046 1016 1158 1073 apud
1187 1017 1422 1060 Homerum
1448 1018 1699 1061 invenimus.
1741 1018 1830 1063 He-

396 1107 564 1150 rodotus
580 1106 627 1160 2),
659 1105 852 1148 deridens
883 1108 926 1147 et
955 1104 1166 1160 corrigens
1196 1104 1361 1147 tabulas
1379 1104 1679 1162 geographicas
1706 1108 1832 1149 antea

397 1207 593 1250 perverse
623 1192 844 1246 confectas,
882 1192 992 1234 inter
1022 1191 1178 1247 primos
1209 1191 1336 1234 fuisse
1366 1191 1544 1247 videtur,
1577 1193 1648 1249 qui
1663 1193 1832 1236 remoti·
1859 1234 1873 1237 s.

397 1294 490 1323 ores
520 1283 729 1321 terrarum
759 1279 863 1320 fines
894 1281 1193 1334 cognoverunt,
1224 1282 1266 1320 et
1285 1278 1436 1321 melius
1453 1283 1662 1322 terrarum
1677 1284 1831 1336 partes,

398 1367 646 1423 Europam
677 1370 718 1408 et
748 1365 920 1407 Asiam
950 1365 1247 1407 distinxerunt.
1279 1365 1377 1407 Non
1394 1366 1574 1422 amplius
1602 1365 1830 1422 Oceanum,

399 1455 543 1498 orbem
573 1458 782 1496 terrarum
802 1453 1174 1507 circumfluentem,
1202 1452 1274 1494 sed
1301 1456 1439 1495 terrae
1455 1452 1669 1496 habitatae
1685 1454 1832 1497 Nilum

400 1547 441 1585 et
471 1542 633 1585 Phasin
663 1542 767 1584 fines
808 1541 947 1598 posuit
982 1540 1236 1595 Herodotus,
1268 1540 1384 1582 cuius
1416 1542 1637 1584 recentiori
1667 1546 1833 1585 senten-

400 1630 484 1672 tiae
537 1628 757 1671 Menelaus
803 1627 998 1670 assentiri
1044 1626 1223 1681 videtur,
1255 1626 1482 1683 perhibens
1509 1626 1542 1682 ὀ’)
1588 1629 1700 1671 ultra
1744 1627 1833 1671 Nili

400 1718 558 1759 flumen
588 1718 630 1757 et
659 1714 820 1756 Phasin
849 1712 1175 1756 Andromachen
1204 1714 1305 1770 pelli
1335 1718 1538 1770 oportere,
1557 1729 1640 1771 qua
1655 1715 1834 1758 formula

400 1799 611 1845 extremos
667 1802 779 1844 orbis
823 1806 1031 1844 terrarum
1077 1801 1276 1843 terminos
1321 1801 1503 1855 denotat,
1551 1802 1623 1857 qui
1668 1802 1770 1844 alibi
1799 1801 1833 1856 4)

401 1889 538 1931 Ponto
598 1889 768 1931 Euxino
829 1892 872 1930 et
932 1887 1100 1930 Oceano
1160 1886 1374 1930 Atlantico
1435 1887 1721 1943 designantur.
1781 1888 1834 1931 In

400 1976 558 2033 hymno
574 1975 621 2030 5),
667 1976 713 2017 in
757 1974 967 2032 Apollinis
1012 1974 1214 2016 honorem
1255 1974 1376 2028 facto,
1419 1989 1543 2030 quem
1573 1975 1706 2017 multo
1742 1977 1836 2032 post

401 2063 637 2105 Homerum
678 2062 878 2119 scriptum
920 2076 1008 2104 esse
1049 2064 1222 2115 constat,
1268 2061 1451 2117 primum
1506 2060 1689 2117 Europa,
1726 2062 1836 2117 regi-

402 2150 492 2191 onis
533 2163 700 2203 nomen,
742 2149 932 2203 occurrit,
975 2163 1056 2205 quo
1088 2149 1258 2191 nomine
1288 2152 1430 2190 tamen
1462 2147 1641 2190 Graecia
1669 2151 1836 2190 tantum

403 2236 750 2292 Septentrionalis
781 2236 1051 2292 significatur.
1082 2235 1190 2277 Asia
1220 2239 1361 2277 autem
1390 2235 1465 2277 illa
1492 2238 1614 2291 prata
1630 2235 1676 2289 ⁶),
1703 2215 1836 2292 parva

403 2322 563 2378 Lydiae
603 2337 713 2378 pars,
755 2323 983 2379 posteriore
1014 2326 1201 2379 tempore
1231 2336 1385 2364 nomen
1417 2336 1538 2363 suum
1567 2320 1698 2364 Asiae
1729 2321 1836 2363 indi-

403 2408 564 2451 derant.
607 2408 756 2465 Itaque
787 2408 898 2465 apud
938 2408 1116 2464 tragicos
1157 2407 1205 2450 Io
1235 2422 1395 2464 vagans
1433 2407 1651 2450 Euxinum
1681 2407 1834 2450 fretum

451 2531 479 2577 l)
503 2533 637 2568 Phoen.
663 2534 764 2568 1407.
792 2553 831 2559 -
857 2533 889 2579 2)
913 2533 1062 2569 Herodt.
1086 2533 1147 2577 IV,
1171 2535 1229 2577 42,
1254 2534 1310 2568 45.
1334 2552 1381 2559 —
1404 2535 1432 2576 3)
1457 2533 1572 2568 Andr.
1597 2534 1675 2568 651.

450 2592 483 2634 4)
508 2591 616 2635 Hipp.
644 2592 675 2635 3,
702 2592 801 2631 1054,
829 2592 921 2626 Herc
957 2591 1042 2626 Fur.
1068 2592 1148 2627 234.
1171 2611 1218 2617 —
1243 2594 1274 2635 5)
1301 2592 1430 2639 Hymn.
1457 2590 1524 2638 Ap.
1550 2591 1628 2635 251,
1652 2591 1730 2626 291.

451 2648 482 2694 ⁶)
504 2647 546 2684 ll.
571 2648 618 2694 11,
642 2650 720 2685 461.
