2080 3314
1091 346 1147 387 90

399 470 465 536 Ol.
497 469 754 525 LXXXIX,
786 472 826 526 4,
859 471 927 514 vel
957 472 1135 529 tempori
1165 471 1358 529 proximo
1387 472 1613 516 tribuimus
1630 475 1673 516 et
1696 472 1837 521 obser-

397 560 559 610 vantes,
603 556 765 612 quoties
794 555 840 598 in
870 556 951 599 hac
984 556 1130 600 eadem
1160 558 1377 614 tragoedia
1405 558 1580 601 iuvenes
1610 558 1722 615 apud
1737 558 1837 601 civi-

396 647 527 686 tatem
558 643 806 685 auctoritate
839 644 1022 685 multum
1052 644 1198 687 valere
1227 644 1431 699 dicantur,
1469 645 1592 688 facile
1629 644 1838 689 credimus

396 745 481 773 non
498 729 640 772 omnia
651 729 835 786 quidem,
859 733 1045 773 attamen
1061 731 1198 773 multa
1208 728 1472 774 Alcibiadem
1489 734 1690 788 spectare,
1707 745 1837 788 quum

396 820 555 859 constet
585 815 852 880 Alcibiadem
883 815 963 859 hoc
993 820 1182 874 tempore
1212 817 1408 869 iuvenem
1439 818 1742 874 rempublicam
1771 833 1837 862 ca-

394 903 630 960 pessivisse.
651 901 682 956 1)
713 902 950 945 Difficultas
979 903 1079 946 vero
1101 918 1258 960 magna
1273 918 1348 947 nos
1363 907 1491 947 tenet.
1524 904 1706 948 Iuvenes
1723 906 1837 949 enim

395 990 516 1032 modo
546 990 742 1031 dicuntur
772 990 931 1045 gloriae
967 990 1220 1047 honorisque
1243 990 1356 1033 avidi
1373 991 1514 1033 omnia
1529 992 1838 1048 perturbantes,

394 1077 505 1119 cives
546 1080 873 1133 corrumpentes,
914 1077 1021 1119 lucri
1066 1077 1202 1119 studio
1240 1077 1382 1132 dediti,
1414 1092 1500 1137 non
1529 1078 1840 1123 considerantes

394 1178 450 1206 an
479 1164 657 1220 populus
688 1163 848 1220 aliquid
879 1163 1122 1207 detrimenti
1153 1164 1302 1221 capiat,
1334 1165 1388 1207 ad
1416 1165 1574 1207 iniusta
1599 1165 1712 1208 bella
1727 1166 1839 1210 cives

399 1252 587 1294 excitare
601 1267 611 1307 3
630 1250 664 1306 2)
695 1251 817 1294 modo
849 1251 1046 1309 Spartam
1062 1251 1247 1295 Athenis
1263 1267 1347 1295 non
1363 1268 1508 1310 parem
1525 1267 1616 1296 esse
1632 1253 1838 1309 audimus,

394 1337 587 1381 Athenas
632 1342 777 1381 contra
816 1338 917 1380 belli
974 1339 1165 1381 laborem
1222 1343 1483 1382 sustenturas
1533 1340 1634 1395 fore,
1685 1340 1840 1397 quippe

393 1440 501 1482 quae
545 1426 690 1468 iuveni
735 1429 913 1468 utantur
959 1430 1119 1469 rectore
1158 1426 1311 1482 valido,
1353 1427 1469 1483 quali
1508 1427 1611 1470 duce
1650 1431 1840 1470 carentes

390 1513 548 1554 multas
559 1512 646 1554 iam
664 1512 855 1555 civitates
868 1512 1105 1570 periissent.
1135 1512 1168 1566 ³)
1199 1512 1260 1555 At
1285 1498 1332 1555 in
1349 1527 1435 1556 una
1451 1513 1682 1571 eademque
1697 1514 1841 1558 fabula

394 1601 641 1658 Euripidem
660 1599 927 1643 Alcibiadem
953 1602 1078 1643 simul
1104 1602 1342 1645 laudavisse
1363 1606 1405 1645 et
1426 1603 1708 1658 exagitavisse
1722 1602 1839 1644 nullo

392 1692 513 1746 pacto
543 1687 714 1730 credere
743 1702 925 1744 possum.
967 1688 1152 1731 Ultimos
1189 1703 1347 1744 versus,
1381 1703 1484 1745 quos
1520 1689 1657 1744 attuli,
1689 1689 1839 1746 quibus

393 1777 616 1833 Euripides
647 1777 821 1819 afflictos
851 1777 964 1819 cives
994 1791 1183 1820 recreare
1213 1777 1348 1834 iisque
1376 1777 1537 1820 animos
1555 1777 1708 1820 addere
1724 1776 1839 1820 vide-

392 1867 475 1918 tur,
517 1862 783 1906 Alcibiadem
812 1867 998 1920 spectare
1030 1867 1071 1906 et
1101 1868 1250 1920 poetae
1280 1879 1426 1906 veram
1458 1864 1711 1907 sententiam
1742 1878 1837 1906 con-

392 1950 529 1993 tinere
569 1950 830 2006 crediderim,
870 1951 1026 2008 partim
1063 1951 1162 2007 quia
1201 1951 1290 1993 fere
1332 1951 1384 1993 ad
1425 1951 1601 1993 verbum
1632 1950 1841 2007 quadrant

392 2038 437 2079 in
476 2051 618 2079 rerum
659 2041 815 2079 statum
857 2041 898 2080 et
928 2037 1207 2080 conditionem
1237 2037 1283 2079 in
1313 2051 1396 2094 qua
1425 2035 1724 2092 Athenienses,
1758 2051 1839 2094 quo

392 2128 580 2180 tempore
611 2124 755 2166 fabula
784 2124 1004 2166 commissa
1034 2124 1212 2178 videtur,
1240 2102 1531 2178 versabantur,
1565 2123 1720 2180 partim
1741 2123 1840 2180 quia

393 2210 630 2267 Euripides,
670 2215 826 2267 quanto
864 2212 1006 2253 favore
1048 2209 1312 2253 Alcibiadem
1343 2211 1564 2267 amplexus
1595 2213 1718 2265 esset,
1752 2224 1840 2253 car-

392 2298 507 2340 mine
538 2298 590 2340 ad
619 2298 734 2339 illius
765 2298 985 2341 victoriam
1017 2301 1254 2354 equestrem
1284 2296 1578 2340 celebrandam
1599 2297 1837 2354 composito,

397 2399 532 2442 nuper
563 2385 815 2428 ostenderat.
839 2383 874 2439 4)

444 2520 468 2564 ¹)
493 2518 651 2554 Boeckh.
676 2519 726 2553 1.].
752 2517 799 2554 cf.
823 2514 968 2554 Lebeau
994 2518 1044 2553 1.1.
1070 2529 1153 2563 pag.
1178 2519 1257 2552 447.

439 2577 465 2620 2)
493 2576 617 2622 suppl.
646 2579 723 2617 160,
749 2578 817 2612 232
846 2587 935 2621 sqq„
961 2577 1039 2611 509.
1063 2596 1110 2601 -
1133 2576 1161 2621 3)
1187 2575 1236 2610 id.
1267 2576 1331 2610 188
1355 2586 1432 2620 sqq.

441 2642 468 2690 ⁴)
497 2641 543 2675 Σὲ
565 2639 774 2689 macoma
796 2630 824 2674 ὦ
849 2638 1016 2677 newton
1040 2639 1110 2674 παῖ
1139 2640 1238 2674 κω.
1265 2640 1348 2677 vide
1371 2640 1419 2676 ad
1442 2640 1538 2676 Plut.
1562 2639 1644 2677 Aio.
1671 2640 1724 2674 11.
