2080 3314
896 348 976 389 125

207 482 309 536 quot
324 478 545 523 ostendere
562 481 736 522 conatus
758 491 866 533 sum,
881 476 1139 534 tragicorum
1157 474 1323 519 fabulas
1340 473 1660 517 maculaverint.

207 566 484 610 Subridemus
515 565 630 609 enim
661 565 1006 624 quotiescumque
1038 564 1084 605 in
1116 562 1331 606 hodiernis
1358 561 1561 605 dramatis
1576 560 1664 603 his-

208 655 350 698 toricis
400 668 486 698 non
532 657 700 696 tantum
742 653 789 695 in
820 666 1098 710 personarum
1147 650 1288 694 verbis
1320 650 1394 693 sed
1442 649 1572 693 etiam
1618 649 1664 691 in

207 757 359 786 scenae
398 723 611 800 parietum
653 741 819 799 pictura
854 741 925 784 vel
955 741 1001 782 in
1032 739 1287 782 histrionum
1319 742 1473 782 ornatu
1503 736 1664 796 aliquid

209 830 497 886 observamus,
540 829 652 888 quod
683 844 779 872 cum
812 829 983 872 fabulae
1013 828 1256 885 argumenti
1289 831 1480 885 tempore
1509 827 1663 870 discre-

208 930 311 974 pare
340 915 548 959 videatur.

268 1003 476 1061 Magnum
507 1007 652 1046 tamen
683 1002 794 1060 quod
820 1001 1045 1045 intercedit
1061 1002 1287 1045 discrimen
1302 1002 1415 1044 inter
1430 1001 1664 1044 doctrinam

211 1091 387 1134 illorum
419 1094 612 1134 veterum
659 1090 910 1148 scriptorum
949 1093 1001 1132 et·
1021 1094 1261 1133 nostrorum
1294 1089 1516 1132 hominum
1545 1103 1667 1147 prae-

215 1178 346 1222 terire
391 1193 478 1222 non
508 1182 684 1236 oportet.
732 1178 866 1221 Aliud
906 1179 969 1221 illi
999 1179 1297 1235 moliebantur,
1330 1178 1446 1221 aliud
1474 1177 1670 1221 hodierni

213 1266 295 1310 sibi
335 1271 599 1325 proponunt3
641 1266 695 1310 ad
736 1267 938 1311 historiae
980 1269 1095 1311 enim
1134 1267 1261 1310 fidem
1292 1267 1449 1324 scripta
1468 1243 1672 1310 'dramata

214 1354 384 1398 subtilis
431 1343 588 1397 artium>
631 1353 763 1396 iudex
808 1355 954 1411 poscit,
997 1359 1038 1398 et
1085 1369 1171 1398 non
1217 1354 1298 1396 nisi
1343 1354 1521 1396 historia
1551 1368 1671 1397 accu-

214 1446 307 1486 rate
352 1442 587 1500 perquisita
639 1446 682 1485 et
729 1442 898 1498 cognita
943 1446 1088 1486 auctor
1119 1457 1223 1500 opus
1255 1457 1379 1484 suum
1410 1442 1668 1499 aggreditur.

216 1529 369 1588 Itaque
400 1509 512 1588 quod
541 1530 694 1573 attinet
735 1530 788 1573 ad
828 1530 1010 1587 tragicos
1051 1530 1248 1585 GraecOS,
1280 1530 1361 1572 hac
1390 1530 1440 1588 111
1468 1544 1514 1572 re
1544 1531 1669 1574 toties

213 1617 514 1662 conniveamus
550 1617 714 1674 quoties
760 1621 999 1675 temporum
1044 1617 1232 1660 confusio
1274 1617 1391 1675 operi
1418 1632 1504 1660 non
1531 1622 1665 1662 nocet.

212 1705 302 1750 Ubi
337 1710 496 1761 tamen,
531 1709 578 1748 ut
609 1706 776 1763 saepius
808 1705 921 1763 apud
951 1705 1214 1763 Euripidem,
1247 1705 1528 1763 digressiones
1560 1706 1668 1750 istae

164 1808 169 1813 ’
211 1807 382 1852 prorsus
412 1807 438 1836 a
467 1792 640 1836 fabulae
671 1797 923 1850 argumento
953 1794 1119 1837 alienae
1150 1797 1374 1837 occurrunt
1403 1798 1451 1836 ut
1476 1798 1669 1851 tempora

213 1896 291 1926 sua
319 1881 511 1937 honoret,
553 1881 878 1939 auditorumque
915 1882 1078 1926 animos
1109 1882 1186 1926 tali
1218 1883 1379 1926 auxilio
1411 1883 1492 1926 sibi
1522 1882 1668 1926 devin-

213 1970 297 2014 ciat
340 1973 478 2028 poeta‚
524 1969 598 2012 ubi
644 1970 791 2013 volens
829 1974 876 2024 ,et
916 1970 1051 2013 sciens
1098 1970 1242 2014 divino
1288 1971 1441 2029 spiritu
1480 1971 1666 2028 inflatus,

214 2050 338 2101 utilia
381 2057 570 2101 venustis
614 2072 894 2115 praeponenS,
927 2058 1038 2101 cedit
1076 2058 1327 2116 philosopho
1358 2059 1513 2116 frigida
1543 2073 1669 2116 argu-

215 2145 476 2189 mentatione
519 2144 767 2202 disputanti,
816 2149 907 2188 tum
952 2145 1058 2190 haec
1103 2146 1245 2189 minus
1274 2147 1503 2204 probantes
1539 2147 1668 2203 tragi-

215 2247 309 2276 cam
339 2236 475 2277 artem
503 2232 775 2276 imminutam
806 2233 861 2278 ad
891 2234 1094 2278 comicam
1120 2249 1286 2280 musam
1305 2235 1502 2279 accedere
1524 2234 1670 2279 existi-

215 2335 394 2366 mamus.

289 2407 374 2452 Sed
418 2421 473 2452 ne
523 2413 670 2466 putes,
718 2409 847 2453 lector
901 2409 1131 2463 benevole,
1177 2425 1269 2467 me,
1318 2411 1437 2455 velut
1487 2411 1670 2454 alterum

219 2493 616 2554 Homeromastiga‚
663 2497 709 2539 in
765 2497 996 2541 levioribus
1052 2498 1218 2542 divinos
1273 2502 1419 2556 poetas
1464 2499 1671 2556 castigare

216 2585 413 2640 voluisse,
461 2585 775 2628 obtrectationis
823 2589 988 2629 tantum
1035 2587 1186 2643 gratia,
1234 2586 1416 2629 libenter
1460 2586 1506 2628 in
1536 2586 1670 2630 libelli

217 2670 301 2715 mei
353 2673 436 2715 fine
489 2674 689 2716 confiteor
740 2673 921 2730 tragicos
967 2673 1150 2717 Graecos
1201 2688 1286 2717 non
1338 2673 1534 2717 omnibus
1579 2673 1671 2731 qui-
