2080 3314
944 328 1007 375 '51

255 459 416 506 mentio
459 458 516 504 ab
558 459 611 503 iis
656 458 827 502 inicitur
873 458 927 502 de
958 458 1192 515 Spartanis.
1255 456 1558 514 Quaecumque
1587 454 1704 500 enim

255 548 434 593 mutatio
462 547 509 590 in
524 546 855 590 Atheniensium
881 560 976 589 cum
995 545 1355 600 Lacedaemoniis,
1374 545 1464 587 sive
1482 543 1705 586 inimicitia

255 637 345 680 sive
370 635 558 679 amicitia
584 635 696 678 facta
712 639 788 689 est,
818 634 965 677 eadem
992 634 1038 676 in
1066 633 1293 689 tragoediis
1310 636 1358 674 ut
1373 646 1451 689 par
1467 635 1544 686 est,
1562 632 1705 688 palam

254 724 303 767 fit
332 727 375 767 et
403 723 641 767 manifesta.
674 721 927 779 Aeschylus,
960 721 1251 764 marathonius
1282 721 1419 774 miles,
1448 734 1498 762 eo
1516 723 1705 776 tempore

253 811 364 855 vixit
389 825 472 868 quo
493 814 644 854 cuncta
661 810 853 864 Graecia,
878 809 1107 852 Persarum
1123 809 1334 851 minacem
1351 812 1394 850 et
1409 807 1706 850 imminentem

251 899 583 943 dominationem
595 898 829 952 excutiens,
841 897 1074 940 coniunctis
1086 897 1275 939 omnium
1286 895 1435 953 opibus
1445 895 1703 952 viribusque,

253 986 446 1031 barbaris
490 986 750 1041 restiterunt,
798 985 911 1028 unde
956 989 1090 1028 totam
1138 983 1360 1026 Graeciam
1397 983 1478 1025 sibi
1508 983 1703 1039 patriam,

255 1078 425 1118 cunctos
465 1073 649 1117 Graecos
686 1074 817 1117 socios
848 1074 1123 1117 existimavit.
1186 1073 1336 1130 Itaque
1366 1072 1594 1116 simultatis
1625 1072 1704 1113 ini-

254 1162 594 1218 micitiarumque
624 1162 744 1204 nulla
774 1161 887 1218 apud
916 1161 1030 1203 hunc
1060 1161 1338 1203 inveniuntur
1368 1159 1562 1216 vestigia.
1624 1139 1705 1201 Mi-

254 1263 413 1294 nervae
441 1249 573 1306 igitur
602 1249 851 1291 vaticinium
882 1248 1004 1292 facile
1035 1248 1168 1290 cuivis
1198 1247 1418 1290 intellectu
1448 1251 1524 1301 est,
1574 1260 1704 1303 quum

253 1338 414 1381 bellum
443 1337 695 1380 intestinum
727 1337 976 1380 abominans
1007 1335 1234 1393 praedicit:
1274 1349 1401 1390 „mox
1430 1334 1511 1377 erit
1544 1333 1704 1376 bellum

253 1429 480 1469 externum
510 1425 556 1467 in
589 1438 670 1481 quo
701 1438 905 1480 magnum
935 1424 1095 1480 gloriae
1126 1422 1315 1465 studium
1346 1421 1630 1466 excitabitur”
1658 1422 1704 1476 l).

253 1511 462 1555 Hostibus
498 1489 654 1554 *tamen
700 1511 935 1568 profligatis
981 1510 1203 1568 paullatim
1234 1509 1443 1552 discordia
1472 1513 1515 1552 et
1543 1507 1707 1551 invidia

253 1604 332 1657 per
362 1599 588 1642 Graeciam
618 1598 907 1655 gliscentibus,
940 1597 1065 1640 Iones
1087 1597 1223 1653 magis
1240 1597 1461 1653 magisque
1478 1611 1504 1639 a
1519 1596 1705 1639 Doribus

255 1687 487 1732 abalienati
518 1690 629 1729 sunt.
691 1686 806 1728 Hinc
847 1685 1075 1743 Sophocles
1106 1685 1346 1728 fabularum
1378 1698 1549 1726 suarum
1581 1698 1704 1740 argu-

253 1779 400 1819 menta
444 1790 468 1818 e
512 1776 744 1818 multarum
791 1774 1051 1817 Graecarum
1091 1774 1261 1816 urbium
1301 1772 1480 1815 historia
1518 1771 1706 1829 mythica

254 1868 399 1922 petere
428 1863 566 1919 desiit,
609 1863 683 1907 sed
723 1867 810 1905 toto
839 1862 985 1905 animo
1017 1866 1060 1905 et
1093 1876 1256 1904 summo
1288 1861 1424 1904 studio
1456 1861 1509 1903 ad
1539 1860 1705 1903 Atticas

254 1951 432 2006 fabulas,
465 1951 618 2008 quibus
658 1954 851 1994 veterum
882 1948 1214 1992 Atheniensium
1245 1949 1425 2005 gloriam
1456 1948 1702 2003 celebraret,

255 2053 427 2096 operam
462 2053 583 2081 suam
619 2037 827 2095 impendit
856 2041 993 2094 poeta,
1026 2037 1111 2094 qui,
1144 2036 1314 2079 tametsi
1345 2036 1502 2078 civium
1534 2050 1704 2078 suorum

254 2126 447 2184 partibus
476 2140 687 2182 nusquam
718 2139 803 2167 non
834 2125 962 2178 favet,
995 2139 1168 2181 perraro
1199 2127 1343 2166 tamen
1374 2123 1704 2166 Atheniensium

255 2213 302 2256 in
340 2213 482 2257 hostes
517 2213 747 2255 invehitur.
809 2212 1035 2270 Euripides
1065 2226 1167 2254 vero
1198 2211 1284 2254 iam
1316 2226 1342 2254 a
1370 2226 1501 2268 puero
1533 2211 1626 2254 odio
1659 2211 1705 2253 in

257 2300 488 2358 Spartanos
531 2301 719 2344 imbutus
766 2314 1056 2357 quaecumque
1102 2300 1226 2342 datur
1272 2299 1704 2342 Lacedaemoniorum

255 2388 575 2432 lacerandorum
608 2388 767 2431 occasio
797 2388 988 2445 cupidius
1019 2388 1208 2445 arripere
1239 2388 1356 2430 solet.

315 2475 504 2519 Homero
543 2474 710 2518 disertis
750 2475 893 2518 verbis
939 2473 1118 2530 Argos
1164 2477 1207 2516 et
1251 2473 1512 2530 Mycenas
1557 2472 1705 2517 distin-

305 2636 333 2684 ¹)
360 2636 465 2672 Eum.
491 2638 560 2672 864
584 2647 659 2683 sqq.
