2080 3314
1074 386 1181 447 108⁶

386 515 497 558 bello
526 513 883 571 Peloponnesiaco
898 512 1048 556 falsam
1071 526 1189 569 spem
1206 511 1320 569 plebi
1340 510 1532 554 credulae
1550 509 1832 566 ostenderant3

386 602 459 645 sed
488 605 708 658 postquam
740 600 881 642 Sicula
917 599 1156 642 calamitate
1186 599 1329 656 populi
1360 613 1455 655 spes
1485 597 1538 640 ad
1568 597 1738 639 irritum
1767 610 1833 639 re-

385 690 506 732 dacta
535 692 625 731 erat
654 687 928 730 vehementer
958 685 1249 729 Athenienses
1279 685 1400 728 vanis
1431 684 1572 727 ariolis
1595 683 1832 727 irasceban-

386 781 466 818 tur.
516 773 550 831 1)
602 774 721 823 Quae
766 774 906 830 opinio
951 773 986 815 si
1018 788 1120 816 vera
1149 776 1225 829 est¹
1242 772 1509 815 acerbissime
1540 771 1831 814 credulitatem

385 862 711 905 Atheniensium
751 864 876 918 poeta
914 860 981 902 his
1011 860 1152 903 verbis
1179 859 1478 916 reprehendit:
1514 858 1620 901 haec
1649 872 1735 900 una
1764 872 1831 900 res

386 949 537 992 acriter
565 948 728 1005 pungit,
761 948 795 989 si
825 947 931 1004 quis,
963 946 1155 1003 quamvis
1184 946 1274 1002 ipse
1305 939 1464 988 consilii
1495 959 1580 987 non
1596 945 1649 987 sit
1665 952 1829 1002 expers,

386 1040 531 1078 vatum
559 1035 729 1077 monitis
759 1034 1053 1090 obtemperans
1082 1033 1219 1090 periit.
1253 1030 1286 1086 2)

444 1122 564 1172 Quod
594 1122 646 1164 ad
677 1121 951 1164 recentiorem
981 1135 1142 1163 morem
1173 1119 1325 1162 attinet
1355 1122 1548 1161 veterum
1565 1117 1830 1160 oraculorum

389 1213 487 1253 ante
517 1209 677 1252 bellum
708 1207 1037 1264 colligendorum
1061 1204 1119 1249 ‘de
1148 1206 1227 1249 hoc
1258 1220 1421 1263 quoque
1451 1205 1498 1247 in
1526 1203 1753 1261 tragoediis
1782 1204 1830 1247 fit

387 1296 563 1340 mentio:
596 1296 706 1339 bello
737 1295 851 1338 enim
881 1295 934 1337 ab
965 1293 1148 1336 Adrasto
1162 1296 1164 1298 ’
1178 1293 1337 1336 Thebis
1366 1293 1484 1335 illato
1513 1296 1632 1335 vates
1662 1291 1830 1334 oracula
1855 1302 1858 1303 ’

388 1384 624 1426 declamant
643 1382 674 1438 ³)
716 1386 758 1426 et
803 1383 992 1425 Theseus
1037 1381 1286 1424 Heraclidas
1330 1381 1442 1423 bello
1486 1380 1706 1422 iuvaturus
1742 1393 1829 1422 om-

392 1471 516 1513 nibus
571 1470 834 1532 oraculorum
886 1469 1054 1511 vatibus
1105 1467 1369 1524 congregatis
1424 1468 1617 1524 explorat
1660 1465 1829 1523 publica

389 1571 578 1614 quaeque
608 1559 651 1599 et
680 1570 834 1598 arcana
864 1558 1010 1605 vetera
1040 1555 1221 1609 oracula,
1251 1554 1298 1596 in
1327 1553 1478 1611 quibus
1517 1551 1686 1595 Atticae
1715 1552 1828 1595 salus

388 1643 662 1701 portendatur
691 1646 734 1685 et
762 1642 948 1685 victoria.
987 1640 1019 1696 ι)

442 1792 464 1834 ¹)
490 1791 630 1827 Thucd.
653 1791 753 1837 V111,
781 1793 811 1826 1.
837 1811 878 1818 —
908 1791 936 1834 2)
963 1792 993 1826 Ι.
1019 1789 1061 1825 Τ.
1086 1790 1165 1825 573.
1191 1809 1233 1815 -
1259 1789 1286 1832 ³)
1310 1788 1398 1825 Eur.
1424 1783 1549 1834 Suppl.
1572 1788 1640 1823 229
1664 1797 1739 1832 sqq.

436 1851 464 1897 ⁴)
487 1850 631 1886 Heracl.
655 1852 733 1886 403.
758 1861 835 1895 sqq.
