2080 3314
985 365 1038 410 19

285 493 505 552 gymnicos
549 497 592 538 et
635 494 816 538 musicos
862 493 1139 538 restituerant
1173 492 1219 549 ¹).
1281 493 1473 544 Quorum
1519 507 1735 538 sacrorum

285 581 626 625 commemoratio
676 582 846 637 iterum,
904 582 1135 626 modestius
1180 582 1365 639 quidem,
1412 583 1534 627 illata
1578 586 1644 627 est
1690 583 1738 626 in

287 667 520 712 Herculem
550 669 762 712 fluentem
780 667 829 724 2),
878 674 920 712 et
950 669 1118 712 disertis
1148 670 1291 713 verbis
1320 670 1367 712 in
1397 669 1669 727 Iphigeniam
1692 669 1739 712 in

286 755 440 798 Tauris
458 755 506 811 ³),
552 756 626 799 ubi
671 757 860 813 virgines
892 756 1096 811 Graecae,
1138 757 1192 800 ab
1238 756 1430 800 hostibus
1459 757 1506 799 in
1534 756 1739 801 barbaras

284 844 479 900 regiones
540 844 784 887 divenditae
845 847 888 887 et
947 844 1131 901 patriam
1176 843 1418 887 desiderant
1464 848 1507 887 et
1566 843 1739 887 Deliam

286 929 485 986 Dianam,
528 930 679 986 choris,
711 931 899 986 canticis,
934 945 1135 974 curruum
1182 932 1487 975 certaminibus
1534 930 1740 975 celebrari

286 1017 468 1060 solitam.
528 1017 645 1061 Delii
687 1022 830 1061 autem
873 1022 1035 1061 aestate
1066 1018 1168 1062 anni
1199 1019 1284 1061 422
1317 1019 1371 1062 ab
1402 1018 1741 1063 Atheniensibus

287 1119 344 1148 ex
384 1105 553 1148 sedibus
584 1106 671 1147 suis
711 1106 835 1148 eiecti
871 1120 947 1162 per
978 1105 1183 1162 exiguum
1213 1110 1382 1163 tempus
1427 1107 1568 1164 patria
1597 1120 1742 1150 carue-

287 1196 411 1248 runt,
443 1196 604 1236 aestate
635 1193 750 1235 enim
766 1193 1008 1250 insequenti
1023 1191 1325 1249 Athenienses,
1344 1192 1558 1251 Apollinis
1574 1195 1743 1238 oraculo

286 1281 461 1339 impulsi
484 1279 530 1336 ⁴),
578 1295 649 1324 eos
694 1280 866 1324 domum
898 1280 1036 1324 redire
1065 1281 1180 1338 passi
1211 1285 1322 1324 sunt.
1354 1280 1583 1338 Ingeniosa
1611 1282 1744 1338 igitur

289 1373 354 1412 est
383 1368 603 1425 Hartungi
622 1368 656 1423 ³)
688 1369 831 1426 opinio
860 1369 973 1412 hanc
997 1369 1187 1412 fabulam
1211 1369 1258 1411 in
1284 1383 1454 1414 scenam
1476 1371 1743 1413 commissam

288 1470 380 1500 esse
410 1455 554 1507 hieme
582 1456 695 1499 inter
720 1460 946 1513 utramque
968 1460 1174 1500 aestatem
1190 1456 1453 1514 interposita,
1466 1471 1603 1523 ‘quum
1618 1460 1746 1515 poeta

285 1542 365 1586 hoc
410 1543 598 1586 carmine
644 1543 793 1586 exules
837 1543 885 1585 in
929 1543 1087 1586 civium
1134 1557 1307 1587 suorum
1351 1543 1662 1601 benignitatem
1701 1548 1746 1588 et

285 1629 617 1674 misericordiam
647 1630 943 1674 commendare
972 1630 1181 1675 videatur.

348 1804 536 1848 Fabulas
581 1819 903 1863 nonnumquam
945 1805 1063 1849 fictas
1094 1820 1187 1850 esse
1217 1810 1265 1850 ut
1294 1821 1449 1851 usuum
1482 1810 1747 1853 consuetudi-

291 1906 479 1950 numque
520 1893 743 1950 originem,
786 1907 938 1937 revera
967 1894 1173 1950 ignotam,
1205 1895 1471 1939 illustrarent
1502 1911 1632 1954 supra
1660 1897 1747 1942 iam

291 1981 450 2036 monui,
463 1995 572 2038 quae
583 1995 652 2023 res
663 1981 914 2038 praesertim
931 1982 1046 2024 valet
1061 1982 1107 2024 in
1123 1982 1326 2026 festorum
1334 1986 1745 2030 commemoratione.

293 2067 743 2112 Anthesteriorum
765 2069 885 2112 festi
903 2069 1111 2112 secundus
1128 2070 1218 2113 dies
1236 2069 1345 2118 Χόες
1356 2073 1636 2129 apellabatur,
1649 2073 1750 2132 quia

293 2155 340 2198 in
368 2169 518 2198 mensa
547 2156 717 2213 publica
746 2156 925 2213 singulis
956 2157 1146 2199 convivis
1176 2172 1265 2213 vas,
1297 2158 1408 2215 quod
1438 2160 1635 2217 congium
1652 2176 1750 2205 con-

291 2245 470 2299 tinebat,
489 2245 794 2302 apponebatur.
828 2243 970 2287 Oresti
987 2244 1116 2299 enim,
1135 2248 1329 2288 materno
1346 2247 1556 2303 sanguine
1573 2248 1747 2306 polluto,

293 2332 581 2377 Athenienses
650 2332 945 2389 contagionem
1020 2333 1160 2387 veriti,
1233 2347 1426 2378 mensam
1493 2335 1749 2394 hospitalem

295 2419 465 2478 quidem
496 2420 570 2464 sed
599 2419 833 2463 solitariam
862 2419 1165 2477 praebuerant.
1198 2419 1337 2471 Quam
1367 2436 1460 2466 rem
1490 2424 1623 2467 sorori
1647 2438 1750 2468 suae

345 2618 372 2663 ¹)
397 2618 540 2655 Thucd.
565 2618 629 2662 111,
658 2620 734 2654 104.
760 2638 806 2645 —
828 2617 856 2665 ²)
883 2618 991 2654 Herc.
1016 2617 1088 2655 fur.
1110 2620 1178 2655 687
1206 2630 1285 2666 sqq.
1313 2639 1360 2647 -
1387 2620 1413 2664 ³)
1437 2620 1509 2658 I.T.
1540 2623 1643 2658 1089.

345 2676 374 2727 ⁴)
400 2677 452 2714 Cf.
478 2677 548 2715 I.T.
578 2679 667 2713 1234
693 2687 771 2724 sqq.
800 2696 839 2703 —
868 2676 896 2720 ὅ)
923 2676 1017 2713 Eur.
1039 2678 1152 2714 restit.
1180 2677 1226 2724 11,
1255 2680 1335 2716 141.
