2080 3314
946 333 1022 375 101

254 465 436 506 mortem
471 462 518 504 in
564 460 675 504 Orco
719 460 878 503 initiati
925 474 1117 503 summae
1163 459 1439 503 beatitudinis
1481 457 1709 516 participes

256 551 344 595 fore
405 550 679 609 putabantur,
727 563 858 606 quare
906 548 1132 606 Sophocles
1178 552 1243 591 ter
1287 548 1433 591 beatos
1478 546 1707 604 praedicat,

252 639 339 697 qui,
379 639 447 682 his
486 637 620 680 initiis
661 637 906 696 conspectiS,
949 636 1004 680 ad
1042 637 1199 680 inferos
1240 635 1510 691 descendant,
1555 635 1708 692 quibus

251 728 350 772 solis
373 728 435 771 ibi
461 729 606 772 vivere
623 728 750 770 liceat
766 727 819 782 ¹);
839 726 1047 770 Hercules
1064 716 1208 782 igitur,
1228 727 1450 782 postquam
1468 722 1704 766 Cerberum

249 819 445 863 inlucem
461 820 622 875 eduxit,
640 824 876 878 mystarum
894 833 1013 862 sacra
1029 833 1074 861 se
1091 819 1137 860 in
1155 817 1264 861 Orco
1281 817 1436 859 vidisse
1453 816 1650 859 affirmat.
1669 813 1704 870 ²)

307 907 494 951 Initiatis
523 909 739 951 silentium
771 921 940 950 servare
971 907 1095 949 iussis
1126 921 1273 964 pauca,
1306 919 1415 962 quae
1433 903 1486 947 ad
1501 903 1707 961 mysteria

249 996 446 1051 attinent,
477 996 699 1053 divulgata
714 999 825 1037 sunt.
858 995 1148 1038 Nihilominus
1165 993 1382 1037 interdum
1398 992 1582 1048 vestigia
1598 1006 1703 1035 non-

249 1085 369 1128 nulla
396 1089 474 1126 τοῦ
504 1089 711 1137 μυστικοῦ
741 1080 868 1138 λόγου
897 1084 943 1125 in
961 1082 1190 1139 tragoediis
1208 1082 1580 1139 deprehendimus.
1612 1080 1703 1123 Ubi

247 1172 425 1223 Iacchus
460 1176 694 1227 „astrorum
725 1171 841 1214 chori
863 1171 953 1228 dux
983 1169 1306 1226 (πυρπνεόντων
1335 1168 1485 1228 χοράγ’
1510 1167 1699 1226 ἄστρων)

246 1260 467 1304 invocatur
499 1259 532 1315 ³)
590 1259 844 1302 Scholiastes
891 1262 1127 1316 mystarum
1174 1273 1412 1302 sermonem
1458 1258 1705 1301 delitescere

247 1324 390 1404 docet3
438 1351 554 1391 astra
598 1347 730 1404 igitur
774 1347 920 1390 taedas
967 1347 1176 1402 ardentes,
1225 1361 1334 1404 quae
1379 1347 1426 1388 in
1470 1345 1707 1403 pervigiliis

250 1435 567 1500 Eleusiniorum
589 1450 803 1479 sacrorum
828 1436 1110 1490 iactabantur,
1128 1435 1381 1491 significant.
1424 1432 1705 1476 anrimoniis

247 1509 460 1582 perfuncti
502 1524 659 1567 initiati
707 1524 849 1567 felices
897 1537 942 1566 se
988 1523 1304 1581 praedicabant,
1352 1523 1508 1576 ἔφυγον
1553 1519 1702 1572 κακόν,

247 1604 375 1669 εὗρον
403 1609 582 1666 ἄμεινον
612 1615 826 1666 canentes,
861 1609 896 1665 ⁴¹)
927 1611 995 1653 cui
1025 1611 1230 1653 formulae
1254 1609 1520 1652 Baccharum
1537 1607 1703 1651 Chorus

246 1699 436 1744 alludere
475 1699 667 1742 videtur:
716 1699 890 1754 „beatus
925 1699 998 1742 ille
1030 1699 1102 1755 qui
1131 1698 1262 1741 maris
1293 1699 1445 1740 fluctus
1476 1696 1626 1753 effugit
1656 1699 1725 1740 et.

246 1788 390 1846 attigit
444 1791 638 1846 portum3
694 1787 844 1830 beatus
901 1787 1031 1830 etiam
1063 1787 1135 1844 qui
1167 1787 1333 1830 labores
1367 1783 1628 1843 superavit.”
1664 1783 1700 1839 ⁵)

244 1875 299 1919 In
337 1876 487 1920 eadem
517 1875 664 1919 fabula
694 1874 728 1929 6)
759 1875 947 1919 Tiresias
978 1875 1251 1930 demonstrat,
1282 1889 1357 1917 cur
1387 1873 1517 1917 Ceres
1547 1876 1591 1916 et
1621 1872 1696 1916 Se-

245 1964 378 2008 meles
402 1964 514 2007 filius
543 1963 787 2007 hominibus
817 1962 896 2004 δύο
925 1961 981 2004 τοὶ
1008 1962 1158 2020 πρῶτοι
1188 1963 1286 2018 sint,
1319 1966 1361 2005 et
1394 1962 1455 2005 ita
1486 1961 1565 2004 hoc
1597 1961 1698 2004 facit

246 2055 296 2095 ut
334 2052 524 2096 conicere
553 2066 640 2096 non
671 2051 901 2095 absurdum
931 2052 988 2094 sit
1016 2051 1096 2095 hoc
1127 2052 1217 2094 loco
1247 2038 1450 2108 mysticae
1480 2049 1699 2093 doctrinae

245 2143 411 2199 partem
440 2140 563 2184 nobis
592 2140 829 2198 expositam
860 2154 966 2183 esse.

305 2228 511 2286 Mysteria
555 2243 610 2271 ne
654 2228 929 2271 enuntiarent
969 2228 1147 2270 initiatis
1188 2230 1461 2284 praeceptum
1494 2229 1597 2281 erat,
1633 2225 1700 2268 cui

245 2316 425 2374 μυοτικῇ
470 2320 606 2373 σιωπῇ
648 2316 695 2358 in
748 2316 931 2359 formula
984 2314 1040 2356 τοὶ
1093 2313 1244 2356 δ’ἄλλα
1302 2315 1400 2368 σιγῶ
1442 2312 1475 2368 ⁷)
1522 2313 1698 2356 fortasse

246 2405 472 2461 alluditur3
528 2403 880 2461 Eumolpidarum
937 2403 1052 2446 enim
1106 2403 1346 2446 antistitum
1394 2416 1524 2445 aurea
1570 2402 1701 2444 clavis

298 2555 323 2601 ¹)
348 2536 458 2601 Soph.
483 2553 614 2601 fragm.
639 2555 719 2590 719.
744 2574 790 2580 -
811 2554 840 2600 2)
866 2553 975 2591 Herc.
989 2553 1078 2590 Fur.
1091 2555 1171 2600 613,
1183 2553 1230 2590 cf.
1246 2552 1366 2590 Schol.
1380 2553 1494 2589 Arist.
1510 2552 1604 2589 Ran.
1620 2554 1699 2589 158.

295 2614 324 2659 ³)
348 2614 436 2650 Ant.
465 2614 566 2649 1147.
593 2633 635 2639 —
659 2612 686 2655 ⁴)
710 2611 815 2649 Dem.
841 2612 920 2648 Cor.
946 2613 967 2659 ᾗ
990 2613 1070 2649 259.
1099 2633 1142 2639 —
1170 2612 1196 2655 ⁶)
1220 2611 1356 2648 Bacch.
1381 2613 1450 2648 902
1474 2622 1552 2658 sqq.

212 2725 216 2728 ι
294 2677 323 2718 ⁶)
347 2672 401 2710 Id.
426 2674 507 2709 274.
532 2692 576 2699 -
601 2671 630 2715 7)
655 2669 727 2717 Ag.
753 2673 809 2716 36,
833 2671 861 2707 Ι.
887 2671 928 2707 Τ.
956 2672 1015 2709 36.
