2080 3314
1090 356 1170 398 122

462 484 598 533 Quam
648 498 747 525 vero
795 497 963 540 prorsus
1013 487 1219 526 mutatam
1270 482 1522 525 feminarum
1564 480 1843 525 conditionem

403 570 657 627 tragicorum
699 572 837 612 aetate
874 568 1083 611 videmus!
1126 569 1327 625 Virgines
1369 572 1410 611 et
1440 571 1667 623 matronas,
1700 569 1846 625 quales

404 658 614 700 Nausicaa
653 660 695 699 et
735 655 867 699 Arete
906 656 1018 713 apud
1058 655 1307 711 Homerum,
1346 659 1434 698 tam
1470 655 1675 712 dignitate
1718 669 1845 712 quam

401 744 596 786 libertate
642 743 851 797 fruentes,
899 742 1055 785 frustra
1099 743 1145 784 in
1202 741 1429 798 tragoediis
1476 740 1729 798 quaerimus.
1792 740 1846 783 In

402 830 626 886 gynaeceis
664 830 850 872 inclusae
896 832 939 872 et
983 828 1213 871 custoditae
1240 826 1274 882 1)
1317 828 1429 870 domi
1479 841 1654 870 manere
1704 827 1840 870 solent

403 931 557 973 easque
602 917 646 957 in
691 916 844 971 vulgus
891 914 1058 972 prodire
1104 914 1288 957 dedecet.
1308 912 1342 968 2)
1388 914 1589 957 Mulieres
1633 913 1745 957 viros
1792 927 1847 956 ne

404 1003 636 1060 adspiciant
675 1016 790 1045 more
830 1001 1010 1044 vetitum
1050 1004 1131 1056 est3
1154 1000 1187 1055 ³)
1226 1001 1354 1043 etiam
1391 1000 1437 1042 in
1467 1014 1630 1043 summo
1660 1000 1846 1057 periculo

403 1090 612 1146 virginem
644 1089 738 1144 viri,
771 1089 843 1145 qui
875 1089 1051 1131 forsitan
1083 1089 1262 1131 salutem
1294 1087 1445 1130 afferre
1471 1087 1510 1130 ei
1541 1087 1684 1144 possit,
1707 1101 1852 1144 genua

405 1177 601 1235 amplecti
642 1191 792 1234 parum
834 1176 964 1219 decet.
982 1175 1016 1229 4)
1059 1175 1188 1218 Nullo
1225 1175 1312 1217 fere
1342 1188 1517 1217 numero
1548 1177 1646 1216 sunt
1677 1174 1848 1218 mulier-

402 1266 535 1318 culae,
568 1264 719 1321 quibus
754 1263 992 1318 „silentium
1020 1262 1144 1305 decus
1175 1261 1280 1316 est'’,
1314 1276 1395 1318 quo
1430 1261 1563 1315 „dicto
1593 1259 1843 1304 decantato’'

405 1351 605 1393 maritum
647 1365 691 1393 se
733 1349 787 1392 ad
828 1349 1042 1392 silentium
1085 1348 1332 1404 compulisse
1363 1348 1587 1390 Tecmessa
1618 1347 1850 1404 Sophoclea

406 1437 608 1494 queritur.
626 1436 659 1490 5)
716 1435 903 1478 Macaria
949 1448 1048 1476 vero
1095 1433 1327 1490 Euripidea
1373 1432 1550 1476 eandem
1596 1432 1851 1475 sententiam

411 1524 633 1578 „mulieres
680 1522 893 1572 silentium
936 1519 1112 1564 decere''
1153 1521 1264 1563 ultro
1294 1520 1526 1577 profitetur.
1562 1518 1597 1574 ⁰)
1655 1519 1853 1562 Liberius

408 1614 551 1653 tamen
595 1609 708 1666 loqui
752 1609 850 1651 licet
897 1607 1063 1651 feminis
1109 1607 1273 1650 dotatis.
1300 1605 1330 1661 ⁷)
1392 1606 1595 1662 Virgines
1640 1605 1757 1649 enim
1804 1606 1854 1648 in

406 1697 633 1754 tragoediis
679 1711 764 1739 non
809 1695 989 1752 amplius
1036 1692 1304 1749 ἀλφεσίβοιαι
1354 1697 1464 1748 sunt,
1512 1693 1597 1748 sed,
1644 1696 1692 1735 ut
1738 1692 1850 1750 apud

406 1784 670 1838 recentiores,
703 1783 866 1838 φερνήν
886 1781 919 1836 ⁸)
952 1781 1147 1836 afferunt,
1165 1785 1207 1824 et
1222 1795 1389 1835 uxoreS,
1407 1780 1502 1823 dote
1517 1780 1663 1834 fretae,
1682 1780 1852 1837 saepius

407 1871 653 1914 maritorum
679 1869 873 1912 dominae
886 1874 888 1877 ’
901 1868 1048 1922 factae,
1066 1867 1099 1921 ⁹)
1116 1867 1338 1924 quominus
1354 1866 1495 1909 mariti
1512 1866 1739 1908 divortium
1755 1876 1855 1912 cum

407 1958 487 2000 sibi
523 1957 680 2000 faciant
720 1956 968 2013 impediunt.
990 1954 1045 2009 10)
1084 1954 1205 2004 Quod
1246 1954 1469 2010 Euripides
1510 1953 1688 1996 feminas
1728 1953 1852 1997 toties

407 2043 678 2101 reprehendit
711 2044 949 2099 multasque
978 2056 1130 2099 pravas
1162 2044 1451 2098 repraesentat
1477 2039 1530 2082 ad
1557 2040 1622 2082 sui
1647 2041 1855 2097 temporis

408 2145 544 2173 mores
571 2130 798 2187 respiciens
814 2129 857 2171 id
874 2129 984 2172 facit.
1017 2129 1114 2172 Non
1131 2128 1245 2171 enim
1262 2127 1348 2170 odit
1364 2141 1496 2184 genus
1511 2127 1665 2183 ipsum,
1682 2141 1770 2175 non
1787 2130 1857 2170 est

407 2216 637 2271 μισόγυνος,
681 2217 791 2275 quod
821 2232 877 2260 ex
906 2216 1051 2259 multis
1080 2215 1193 2270 locis,
1225 2215 1299 2258 ubi
1328 2214 1380 2257 de
1410 2207 1671 2257 feminarum
1702 2199 1858 2256 natura

456 2378 483 2423 ¹)
510 2377 641 2412 Phoen.
675 2378 730 2421 89,
765 2379 794 2412 Ι.
825 2377 869 2412 A.
903 2378 982 2413 738.

455 2436 484 2482 2)
508 2436 643 2471 Phoen.
685 2436 786 2480 1275,
826 2437 926 2477 1636,
958 2435 1075 2480 ξ1740,
1113 2433 1173 2469 Or.
1213 2435 1288 2478 108,
1326 2432 1441 2468 Andr.
1481 2433 1561 2474 876,
1596 2430 1739 2467 Heracl.
1775 2431 1844 2466 477

388 2493 496 2528 ‘Ant.
522 2494 600 2539 578,
625 2492 756 2529 Trach.
782 2494 860 2528 542.
886 2513 931 2519 —
954 2492 983 2538 3)
1007 2492 1094 2528 Hec.
1119 2493 1198 2528 974.
1227 2511 1268 2518 -
1292 2490 1322 2537 ⁴)
1346 2490 1375 2527 I.
1401 2490 1446 2525 A.
1470 2491 1549 2526 994.
1573 2509 1618 2516 —
1642 2489 1668 2533 5)
1691 2488 1750 2524 Ai.
1770 2489 1838 2524 293

457 2551 486 2594 ⁶)
511 2550 599 2586 Eur.
618 2550 769 2587 *HeracL
793 2552 873 2586 476.
899 2570 943 2575 ——
973 2550 998 2596 ⁷)
1022 2549 1136 2585 Andr.
1165 2550 1243 2584 153.

398 2610 420 2625 ⁴*
453 2609 482 2655 ⁸)
507 2608 537 2644 Ι.
562 2608 604 2643 A.
631 2610 687 2653 47,
712 2610 792 2654 611,
816 2609 894 2652 637,
920 2609 999 2651 728,
1031 2607 1107 2643 Ion.
1133 2608 1212 2651 298,
1245 2605 1306 2642 Or.
1333 2607 1434 2650 1662,
1456 2604 1589 2641 Aesch.
1613 2603 1846 2649 Suppl..336‚

408 2668 488 2712 979,
513 2667 592 2702 957.
625 2665 723 2702 Med.
757 2667 835 2701 231.
863 2686 904 2692 —
930 2664 957 2711 ⁹)
982 2665 1070 2700 Eur.
1100 2664 1231 2710 fragm.
1259 2665 1341 2700 772.
1363 2683 1410 2690 -
1439 2661 1478 2709 ¹⁰)
1504 2662 1591 2705 Eur.
1614 2660 1744 2708 fragm.
1767 2661 1847 2699 5(st
