2080 3314
1087 374 1142 415 38

398 499 509 556 apud
539 499 774 541 Homerum
795 499 838 553 ¹),
870 499 1064 542 omnibus
1094 498 1187 541 aliis
1217 499 1416 556 exceptis,
1453 498 1635 542 Achillei
1666 503 1831 542 tantum

397 586 552 628 milites
568 586 756 628 audiunt.
790 586 1019 629 Paullatim
1035 601 1189 628 nomen
1204 586 1330 629 latius
1350 587 1544 643 serpebat
1558 601 1633 643 per
1649 587 1832 630 mediam

399 672 619 714 Graeciam
670 675 711 713 et
757 676 850 727 post
890 672 1047 714 bellum
1078 671 1294 714 Persicum
1324 672 1492 714 demum
1522 673 1598 714 toti
1629 672 1832 715 Graeciae

397 772 484 800 una
512 772 606 799 cum
637 757 928 814 Peloponneso
956 758 1034 801 hoc
1063 772 1216 801 nomen
1245 758 1424 800 inditum
1455 764 1530 801 est.
1562 759 1833 802 Hellenes

397 843 527 899 igitur
569 842 719 885 Graeci
761 858 804 885 se
844 844 955 900 ipsos
996 845 1279 900 appellabant,
1318 859 1461 888 omnes
1492 849 1638 901 gentes
1668 849 1834 902 septen-

398 930 611 983 trionales,
643 931 877 988 peregrinis
905 932 1145 974 nationibus
1175 932 1345 986 mixtas,
1377 936 1647 988 segregantes
1677 936 1720 975 et
1739 946 1834 975 con-

400 1019 620 1062 tumeliose
667 1019 945 1073 semigraecos
985 1019 1054 1060 vel
1093 1018 1231 1075 potius
1272 1019 1577 1061 semibarbaros
1618 1017 1835 1075 (μιξοβαρ-

400 1107 560 1163 βάρους
585 1105 601 1160 )
632 1109 841 1148 vocantes.

458 1193 541 1242 Qui
589 1192 671 1249 ipsi
721 1191 891 1233 nomine
943 1190 1174 1233 Hellenum
1215 1191 1505 1247 gloriabantur
1549 1196 1717 1235 exteras
1762 1207 1837 1235 na-

399 1281 534 1323 tiones
564 1280 833 1321 barbaros
864 1278 1071 1332 dicebant,
1103 1292 1229 1334 quam
1260 1293 1403 1320 vocem
1434 1279 1645 1322 Homerus
1654 1260 1834 1335 ignorat,

362 1384 364 1386 ·
401 1367 482 1409 nisi
523 1366 633 1422 quod
675 1365 879 1408 adiectivo
919 1361 1248 1420 βαρβαρόφωνοι
1263 1364 1298 1418 3)
1336 1365 1364 1406 1.
1399 1353 1441 1407 ve.
1484 1365 1639 1407 Graece
1665 1379 1750 1408 mm
1779 1366 1835 1408 lo-

401 1458 577 1509 qucntcS,
620 1451 749 1496 Cares
791 1452 935 1506 semel,
976 1451 1066 1494 sine
1098 1451 1185 1494 ullo
1215 1451 1448 1507 opprobrio,
1481 1455 1680 1495 notantur
1709 1451 1755 1493 in
1778 1465 1837 1500 ‚ea

400 1539 545 1582 Iliadis
575 1542 707 1595 parte,
739 1552 847 1594 quae
877 1537 1024 1580 ceteris
1054 1537 1251 1579 carminis
1266 1537 1384 1579 libris
1400 1537 1615 1593 aliquanto
1629 1539 1838 1581 recentior-

402 1641 492 1669 esse
502 1626 687 1680 videtur3
701 1640 726 1667 a
743 1639 824 1681 quo
840 1625 929 1667 loco
940 1628 1083 1666 tamen
1092 1625 1168 1666 illa
1183 1624 1502 1681 contemptionis
1518 1625 1632 1667 notio
1647 1624 1836 1682 ducenda

401 1717 476 1755 est.
519 1710 579 1753 At
600 1726 648 1754 eo
679 1713 831 1754 clarius
861 1712 1085 1755 discrimen
1113 1712 1224 1754 inter
1253 1711 1457 1754 Hellenes
1487 1715 1529 1754 et
1558 1712 1758 1755 barbaros
1788 1712 1836 1755 fit

402 1813 483 1855 quo
519 1798 668 1853 magiS,
700 1798 918 1854 dignitatis
954 1798 1319 1855 praestantiaeque
1348 1813 1449 1854 prae
1479 1798 1627 1851 ceteris
1656 1798 1834 1855 populis,

401 1886 609 1943 imprimis
666 1885 966 1938 Orientalibus,
1023 1884 1275 1940 conscientia
1325 1888 1596 1938 accrescente,
1650 1884 1835 1927 Graecae

402 1973 540 2028 gentis
603 1972 773 2029 propria
836 1971 996 2013 indoles
1050 1969 1293 2027 apparebat.
1357 1970 1508 2013 Graeci
1561 1971 1692 2026 igitur
1752 1985 1837 2013 non

402 2063 568 2102 tantum
613 2058 838 2115 peregrina
882 2057 1028 2112 lingua
1072 2060 1251 2110 utentes,
1298 2056 1371 2098 sed
1400 2071 1546 2099 omnes
1581 2060 1748 2099 exteras
1795 2060 1838 2099 et

403 2146 542 2187 minus
594 2146 726 2188 cultas
782 2144 986 2198 nationes,
1032 2158 1119 2186 una
1162 2143 1321 2200 pertica
1365 2147 1592 2186 tractantes
1638 2144 1839 2209 barbaros

403 2246 554 2275 vocare
582 2232 783 2275 solebant..

461 2318 674 2361 Homerus
705 2331 844 2374 neque
874 2316 1056 2360 Graecos
1085 2331 1222 2373 neque
1252 2316 1455 2359 Troianos
1485 2299 1665 2373 potiores
1685 2316 1837 2372 habet3

404 2404 582 2447 eandem
625 2404 810 2446 indolem
855 2407 898 2446 et
941 2403 1203 2459 religionem,
1250 2403 1416 2459 easdem
1461 2403 1639 2445 virtutes
1680 2406 1722 2445 et
1751 2401 1840 2450 fere

450 2543 479 2584 ι)
506 2540 547 2575 11.
573 2540 621 2584 11,
645 2542 723 2576 684.
749 2561 793 2565 —
818 2541 849 2586 2)
873 2540 1006 2575 Phoen.
1034 2542 1110 2575 138.
1573 2575 1576 2578 ,

450 2600 482 2642 3)
505 2597 547 2632 Il.
583 2597 630 2639 ΙΙ,
667 2599 746 2634 867.
785 2597 896 2633 Lehrs
922 2597 971 2633 1.1.
1007 2599 1085 2633 233.
1123 2596 1329 2633 Herodotus
1368 2596 1427 2638 (II,
1465 2598 1541 2636 158)
1578 2595 1683 2630 nobis
1712 2597 1838 2630 narrat

406 2655 606 2704 Aegyptios
645 2666 788 2704 quoque
811 2666 934 2693 omnes
957 2654 1067 2692 aliam
1090 2654 1251 2705 linguam
1277 2654 1465 2704 loquentes
1488 2653 1660 2692 barbaros
1682 2663 1838 2693 vocasse,
