2080 3314
928 353 980 394 79

225 476 463 535 suspicatur
501 475 686 522 Athenis
731 477 936 521 usitatum
966 478 1097 522 fuisse
1126 478 1276 537 capitis
1306 478 1518 522 damnatis
1547 478 1677 521 trium

223 565 389 610 dierum
418 564 666 609 dilationem
695 565 923 609 concedere
953 569 1054 609 ante
1079 566 1351 624 supplicium.
1384 565 1506 616 Quod
1527 580 1678 624 parum

224 652 424 697 credibile
452 653 559 696 mihi
588 653 780 710 videtur3
812 667 1022 712 nusquam
1040 654 1155 698 enim
1170 669 1332 698 morem
1348 654 1479 698 fuisse
1495 654 1678 711 legimus

224 744 274 784 ut
322 741 470 786 mortis
509 742 701 786 damnati
741 742 833 800 ipso
873 742 1032 786 mensis
1077 742 1200 786 initio
1244 757 1427 800 poenam
1472 743 1677 786 subirent.

225 827 368 880 Quum
398 843 500 874 vero
529 834 692 874 constet
721 829 982 874 debitoribus
1011 830 1238 888 pecuniam
1254 835 1447 874 mutuam
1464 834 1678 888 sumptam

225 919 302 960 aut
334 931 485 961 usuras
524 916 689 961 debitas
724 917 861 975 primo
901 917 1059 960 mensis
1099 917 1168 961 die
1198 918 1327 961 fuisse
1356 918 1676 976 persolvendas:

192 980 194 984 7
225 1004 318 1048 fieri
332 1008 471 1063 potest
499 1008 548 1048 ut
577 1005 631 1061 ei,
663 1005 736 1062 qui
766 1004 967 1048 solvendo
983 1019 1070 1048 non
1099 1009 1223 1061 esset,
1256 1020 1282 1049 a
1298 1005 1504 1049 creditore
1520 1006 1682 1063 aliquot

225 1090 390 1135 dierum
443 1092 684 1150 prorogatio
729 1092 1016 1150 permittenda
1053 1092 1195 1148 fuerit,
1237 1107 1418 1150 quacum
1469 1094 1681 1137 sententia

225 1177 383 1236 optime
412 1178 481 1222 hic
510 1179 625 1223 locus
656 1178 896 1236 quadraret.
926 1178 1111 1222 Alcestis
1127 1180 1255 1236 enim,
1279 1195 1411 1238 quum
1426 1182 1680 1239 praestituta

226 1265 295 1309 die
330 1280 376 1309 se
414 1281 491 1324 pro
530 1266 683 1310 marito
713 1266 826 1310 diem
857 1267 1068 1310 obituram
1098 1268 1353 1325 promiserit,
1385 1269 1515 1313 Morti
1544 1270 1679 1313 vitam

228 1351 368 1408 debet,
400 1367 548 1397 severo
578 1353 788 1409 creditori,
820 1354 892 1411 qui
922 1355 1086 1397 nullam
1116 1355 1278 1412 patitur
1306 1355 1566 1400 dilationem.

285 1437 465 1482 Praeter
504 1438 614 1495 *haec
658 1453 795 1496 pauca
838 1439 1172 1483 innumerabiles
1217 1442 1328 1484 locos
1367 1442 1413 1483 in
1452 1442 1680 1499 tragoediis

226 1525 415 1583 reperias
453 1526 529 1569 ubi
569 1526 702 1570 verba
740 1526 956 1570 iudicialia
987 1527 1201 1584 leguntur,
1234 1542 1356 1585 quae,
1387 1529 1434 1570 in
1465 1533 1679 1572 oratorum

227 1612 392 1671 scriptis
421 1613 751 1671 perfrequentia,
783 1613 940 1657 frustra
969 1614 1083 1671 apud
1123 1614 1361 1658 Homerum
1388 1617 1676 1673 quaesiveris.

228 1701 299 1745 Ex
327 1701 494 1759 ingenti
523 1703 710 1745 locorum
741 1717 919 1746 numero
949 1717 1083 1745 unum
1115 1704 1303 1761 exempli
1319 1705 1459 1761 gratia
1473 1719 1678 1762 promam.

227 1789 282 1833 In
320 1789 608 1834 Eumenidum
648 1790 807 1845 fabula,
849 1790 931 1837 ubi
964 1790 1078 1833 cives
1118 1789 1253 1834 Attici
1291 1792 1474 1849 primam
1511 1807 1682 1836 causam

229 1877 282 1921 de
311 1877 438 1922 caede
467 1882 725 1935 cognoscunt
755 1878 834 1933 (vs.
869 1878 984 1933 681),
1017 1877 1271 1936 Areopagus
1300 1880 1551 1936 instituitur,
1580 1894 1682 1937 qua-

229 1979 276 2009 re
305 1965 470 2010 curiosa
498 1966 643 2009 iudicii
673 1966 911 2023 descriptio,
944 1981 1201 2025 quamquam
1231 1968 1514 2011 recentiorum
1539 1982 1682 2012 rerum

231 2051 465 2109 imaginem
505 2053 560 2097 ad
599 2053 746 2096 vivum
787 2054 998 2111 expressit
1037 2059 1175 2112 poeta,
1218 2055 1439 2099 offensioni
1480 2070 1566 2099 non
1606 2060 1683 2099 est.

231 2136 416 2194 Orestes,
466 2153 565 2182 reus
606 2136 824 2193 (ὑπόδικος
865 2138 968 2194 260)
1004 2139 1057 2183 de
1102 2140 1244 2196 caede,
1289 2141 1487 2198 patriam,
1533 2155 1682 2198 genus,

231 2239 353 2269 casus
382 2226 571 2283 profiteri
601 2225 727 2269 debet
757 2226 892 2282 (437);
924 2230 1053 2271 testes
1084 2228 1165 2271 sibi
1196 2233 1424 2286 comparat,
1457 2230 1530 2287 qui
1555 2230 1684 2273 iurati

233 2311 356 2368 (485)
381 2313 527 2357 dicunt
554 2314 810 2358 testimonia.
855 2314 1012 2373 Apollo
1039 2316 1160 2359 testis
1189 2317 1316 2359 simul
1339 2317 1566 2375 (μαρτυρεῖ
1581 2318 1683 2374 567)

232 2397 374 2457 prodit
413 2402 458 2442 et
498 2402 701 2456 patronus
732 2399 942 2456 (συνδικεῖ
976 2403 1091 2454 549).
1138 2402 1337 2447 Minerva
1372 2404 1492 2447 litem
1523 2408 1685 2448 contes-

232 2489 349 2530 tatur
366 2483 538 2541 (εἰσάγει
556 2487 673 2543 580);
706 2489 938 2532 accusatori
969 2489 1178 2545 (διώκοντι
1210 2491 1327 2547 583),
1352 2495 1400 2534 ut
1415 2492 1508 2535 fieri
1524 2493 1687 2536 solebat

232 2573 398 2617 dicendi
414 2574 462 2617 fit
492 2578 690 2631 potestas,
723 2590 820 2619 reus
836 2576 1137 2634 interrogatur,
1158 2578 1400 2622 defenditur
1415 2580 1470 2623 ab
1486 2579 1688 2638 Apolline

233 2661 442 2706 causidico
472 2662 667 2720 (συνδίκῳ
700 2666 722 2707 7
727 2664 814 2719 31).
848 2664 951 2707 Post
976 2667 1272 2710 altercationes
1292 2667 1405 2710 cives
1420 2667 1550 2711 iurati
1565 2668 1687 2724 (680)
