2080 3314
1040 342 1096 386 22

357 465 467 508 tium
497 465 706 509 decimum
723 467 850 510 fuisse
867 468 1031 525 scriptis
1045 459 1312 512 mandaruntss
1344 471 1539 515 Fortasse
1554 472 1785 529 Sophoclea

355 555 493 595 aetate
537 551 667 609 Argis
711 568 861 597 revera
903 555 973 598 hic
1016 555 1118 611 dies,
1165 557 1290 600 caede
1319 558 1431 614 regis
1460 558 1571 615 apud
1599 562 1786 616 posteros

355 639 600 682 memoriam
656 640 847 698 adeptus,
903 642 1194 685 celebrabatur
1238 644 1343 687 festo
1387 645 1453 687 cui
1497 659 1651 688 nomen
1694 643 1787 692 δαὶς

355 723 654 779 Ἀγαμέμνονος
669 731 783 782 erat3
805 741 905 770 nam
921 727 1034 771 hunc
1048 728 1160 772 diem
1176 730 1288 787 apud
1302 731 1551 787 posteriores
1565 732 1787 788 proverbio

354 811 611 856 increbuisse
640 816 804 856 veteres
834 813 954 856 nobis
983 814 1168 857 tradunt.
1188 814 1221 870 ¹-)

409 898 513 941 Post
556 913 676 942 sacra
721 904 763 942 et
802 901 1034 944 certamina
1062 901 1232 958 publica
1259 907 1492 946 memorata
1520 907 1651 947 restat
1684 904 1789 948 mihi

354 987 403 1026 ut
432 999 567 1042 pauca
605 985 658 1028 de
688 986 834 1029 festis
863 988 1081 1044 privatis
1111 988 1274 1031 addam.
1298 989 1502 1032 Libenter
1516 990 1789 1034 concesserim

354 1086 439 1115 non
470 1072 612 1115 omnia
642 1087 750 1129 quae
779 1073 848 1116 hic
878 1074 1082 1117 allaturus
1111 1075 1204 1130 sim,
1235 1079 1454 1132 poetarum
1489 1080 1655 1119 tantum
1684 1081 1791 1120 tem-

359 1160 531 1217 poribus
576 1161 747 1217 propria
787 1175 890 1216 esse,
933 1165 1122 1205 attamen
1162 1163 1406 1220 saepissime
1434 1163 1539 1207 haec
1565 1164 1694 1207 illave
1721 1162 1792 1207 de-

365 1247 534 1304 scriptio
575 1251 649 1290 aut
687 1248 892 1291 nonnulla
920 1248 1052 1291 verba
1080 1249 1200 1292 nobis
1228 1249 1413 1306 ipsorum
1443 1250 1580 1307 potius
1609 1253 1791 1294 aetatem

355 1347 483 1390 quam
513 1333 779 1376 remotiorem
809 1337 997 1390 spectare
1025 1334 1234 1377 videntur.

411 1419 465 1462 In
495 1419 598 1463 Ione
616 1417 651 1474 2)
682 1420 969 1477 symposion
998 1421 1259 1464 describitur:
1290 1425 1384 1478 post
1412 1436 1585 1465 coenam
1600 1423 1792 1467 minister

356 1521 412 1549 ex
440 1506 602 1563 hydriis
632 1521 786 1563 aquam
815 1507 1011 1550 manibus
1042 1508 1313 1551 convivarum
1343 1508 1619 1565 superfundit,
1655 1509 1790 1552 tibici-

358 1606 434 1635 nes
472 1592 807 1648 introducuntur,
850 1597 1013 1636 cratera
1043 1594 1274 1636 communis
1303 1594 1513 1648 miscetur,
1543 1595 1686 1651 parvis
1714 1609 1787 1652 po-

357 1679 460 1721 culis
490 1693 575 1722 non
606 1679 909 1722 sufficientibus
924 1679 1086 1723 maiora
1101 1680 1348 1722 adferuntur
1363 1679 1411 1734 ⁸),
1445 1681 1537 1723 Iovi
1552 1681 1788 1738 sospitatori

355 1765 491 1808 libant
507 1764 555 1819 4).
589 1765 710 1815 Quod
739 1780 889 1809 revera
918 1766 1154 1820 συμπόσιον
1179 1766 1316 1809 dicere
1331 1767 1535 1823 possimus
1550 1767 1595 1808 in
1610 1766 1787 1810 Homeri

355 1852 611 1896 carminibus
656 1867 740 1896 non
785 1853 1047 1909 invenimus3
1094 1853 1339 1910 Euripidem
1385 1857 1529 1896 contra
1571 1853 1644 1895 h.l.
1684 1854 1788 1897 ima-

356 1939 500 1995 ginem
529 1939 644 1982 vitae
675 1940 944 1996 quotidianae
961 1940 1025 1982 sui
1040 1940 1240 1997 temporis
1256 1940 1511 1997 expressisse
1527 1955 1651 1983 nemo
1666 1940 1789 1983 facile

356 2024 608 2067 infitiabitur
666 2026 928 2082 praesertim,
974 2026 1048 2068 ubi
1095 2026 1205 2068 locos
1251 2027 1528 2082 posteriorum
1572 2030 1789 2069 auctorum

357 2111 603 2167 inspexerit,
654 2125 756 2168 quos
801 2111 855 2154 ad
899 2126 1046 2155 versus
1094 2112 1285 2159 laudatos
1314 2112 1380 2154 vir
1409 2112 1664 2155 clarissimus
1693 2126 1790 2155 van

359 2196 686 2253 Herwerden‚
722 2198 770 2240 in
801 2198 984 2241 editione
1013 2212 1103 2252 sua,
1132 2198 1334 2241 laudavit.

415 2283 469 2325 In
499 2284 665 2327 lascivis
697 2283 1036 2328 Bacchanalibus
1065 2284 1251 2341 virgines
1282 2288 1496 2341 stupratae
1514 2283 1562 2339 ⁵),
1578 2284 1624 2326 in
1633 2283 1791 2343 Diony-

404 2461 431 2505 ¹)
456 2462 625 2498 Eustath.
652 2462 717 2498 Od.
742 2475 825 2510 pag.
856 2464 953 2499 1507.
977 2465 1033 2499 62.
1063 2483 1104 2490 -
1134 2463 1162 2507 ²)
1187 2463 1263 2499 Ion.
1297 2465 1534 2499 1170—1196.

404 2520 433 2566 3)
459 2519 511 2555 Cf.
537 2520 641 2566 Diog.
668 2521 789 2556 Laert.
823 2523 901 2557 103.
926 2521 1030 2556 Plato
1060 2520 1180 2566 Symp.
1206 2533 1287 2567 pag.
1313 2523 1391 2557 213.
1419 2521 1550 2557 Aesch.
1573 2520 1618 2556 fr.
1643 2522 1697 2556 52.

405 2577 432 2620 ⁴)
460 2577 514 2612 De
546 2578 658 2613 tertia
696 2577 872 2613 libatione
907 2578 943 2613 in
972 2578 1070 2613 Iovis
1102 2578 1326 2624 sospitatoris
1349 2578 1521 2613 honorem
1545 2578 1589 2615 cf.
1615 2578 1685 2626 Ag.
1709 2579 1789 2625 245,

361 2637 460 2673 1386
483 2646 563 2684 sqq.
586 2636 692 2672 Eum.
715 2637 795 2682 759,
819 2636 945 2684 Suppl.
969 2638 1025 2674 27.
1046 2654 1095 2665 -—
1118 2636 1146 2686 ⁵)
1168 2636 1234 2673 Ion
1256 2638 1336 2674 550.
