2080 3314
977 337 1002 377 9

266 467 433 507 tantum
479 464 570 506 loco
600 462 643 518 ¹),
691 462 766 505 ubi
813 462 932 506 fortis
979 461 1206 505 Diomedes
1253 461 1454 504 Paridem
1484 461 1714 518 alloquitur

449 547 616 599 τοξότα,
651 548 859 606 λωβητήρ,
881 554 1002 605 κέραι
1038 547 1184 603 α’γλαέ,
1219 550 1534 606 παρθενοπῖπα

266 638 359 682 fieri
393 641 531 695 potest
566 641 614 679 ut
660 636 913 694 explicanda
958 637 1012 679 sit
1057 640 1321 694 contemptus
1366 636 1484 692 origo
1514 636 1559 678 in
1590 650 1715 692 quem

265 725 473 782 sagittarii
529 723 830 782 posterioribus
886 724 1135 781 praesertim
1192 724 1452 781 temporibus
1507 727 1718 766 venerunt

265 811 473 869 imprimis
503 810 616 868 apud
646 810 1002 854 Lacedaemonios
1018 809 1066 865 2).

321 898 484 942 Locum
499 897 536 954 ⁸)
583 913 711 955 quam
756 899 944 941 maxime
985 913 1012 942 a
1041 899 1212 941 fabulae
1245 902 1496 955 argumento
1527 899 1717 941 alienum

266 985 340 1030 sed
380 1000 436 1029 ex
475 986 653 1029 historia
693 985 993 1043 explicandum
1038 986 1219 1042 legimus
1260 986 1306 1028 in
1338 985 1524 1028 Hercule
1557 986 1716 1028 furenti

267 1073 341 1116 ubi
379 1073 525 1115 multis
564 1073 804 1131 disputatur
843 1073 895 1116 de
940 1073 1256 1129 sagittariorum
1302 1073 1576 1130 praestantia,
1623 1087 1719 1129 gra-

267 1161 416 1219 visque
455 1165 698 1204 armaturae
738 1161 1025 1204 incommodis.
1069 1161 1189 1211 Quae
1231 1175 1361 1218 quum
1398 1165 1544 1219 aperte
1574 1162 1719 1218 singu-

267 1249 348 1292 lari
377 1249 520 1306 aliquo
549 1249 723 1291 consilio
753 1249 807 1291 ab
839 1247 1057 1306 Euripide,
1077 1249 1156 1291 sub
1182 1247 1508 1306 Amphitryonis
1524 1263 1718 1306 persona,

268 1336 382 1380 dicta
425 1335 651 1379 videantur
696 1350 781 1379 non
828 1336 974 1393 inepta
1019 1336 1260 1379 coniectura
1280 1334 1314 1390 ⁴)
1355 1339 1420 1378 est
1456 1340 1623 1393 poetam
1654 1336 1721 1378 his

269 1423 410 1467 verbis
456 1424 772 1480 sagittariorum
818 1437 943 1465 usum
989 1423 1237 1480 aequalibus
1283 1423 1370 1465 suis
1426 1423 1721 1467 commendare

268 1511 464 1566 voluisse,
497 1489 597 1568 quia
626 1511 672 1553 in
698 1525 844 1568 pugna
869 1511 1060 1554 Deliensi
1077 1510 1372 1568 Hippocrates,
1390 1509 1722 1554 Atheniensium

268 1597 371 1654 dux,
417 1598 503 1641 levi
550 1602 766 1641 armatura
811 1598 982 1641 domum
1029 1598 1215 1654 dimissa,
1263 1614 1290 1642 a
1329 1598 1547 1642 Thebanis
1587 1613 1723 1655 nuper

269 1685 518 1743 profligatus
573 1689 665 1728 erat
703 1685 751 1740 5).
805 1685 890 1728 Fix
927 1685 960 1740 ὃ)
1007 1690 1151 1729 tamen
1198 1687 1270 1743 qui
1320 1686 1424 1729 alias
1476 1686 1528 1728 ob
1576 1700 1724 1728 causas

269 1772 458 1816 fabulam
513 1773 780 1816 commissam
832 1773 965 1816 credit
1021 1788 1133 1816 anno
1185 1775 1284 1828 420,
1343 1773 1591 1830 Euripidem
1647 1773 1720 1815 h.l.

270 1860 384 1904 cives
435 1875 531 1904 suos
584 1861 853 1904 adhortatum
904 1862 1033 1904 fuisse
1083 1866 1204 1919 putat
1249 1866 1297 1904 ut
1342 1876 1366 1904 e
1421 1861 1613 1904 barbaris
1658 1875 1723 1903 re-

271 1948 467 2006 gionibus
512 1949 756 2006 longinquis
802 1953 1074 2004 arcesserent,
1122 1949 1195 2006 qui
1235 1949 1550 2005 sagittariorum
1588 1948 1725 1991 officia

319 2161 347 2208 ¹)
370 2161 415 2197 Il.
443 2161 512 2206 XI,
547 2162 626 2197 385.
676 2161 881 2198 Obscurum
905 2161 1059 2198 verbum
1084 2162 1128 2198 Il.
1154 2163 1215 2208 IV,
1242 2164 1320 2198 242.
1356 2167 1512 2217 ἰόμωροι
1524 2161 1583 2196 h.l.
1597 2161 1726 2197 omitto

272 2231 372 2278 quod
396 2243 480 2267 cum
503 2243 593 2267 voce
617 2237 671 2276 ἰός
695 2231 893 2268 cohaerere
917 2244 990 2268 non
1015 2233 1136 2268 credo.

322 2302 350 2346 ²)
375 2302 434 2338 Ai.
461 2303 562 2337 1120.
588 2301 684 2336 Plut.
709 2301 897 2347 Apophth.
923 2301 1008 2337 Lac.
1034 2313 1118 2348 pag.
1143 2303 1232 2346 874;
1258 2301 1363 2337 Paus.
1393 2301 1421 2345 1,
1446 2303 1503 2336 23.
1528 2302 1560 2335 4.

319 2363 346 2405 8)
373 2360 481 2396 Horo.
522 2356 607 2394 Fur.
654 2361 717 2395 188
754 2371 831 2405 sqq.
882 2358 1009 2395 Obiter
1032 2371 1193 2395 memoro
1230 2371 1280 2395 vs.
1309 2361 1375 2395 199
1401 2363 1573 2406 ου’τιίζειν
1597 2362 1725 2395 contra

271 2430 506 2467 Homericum
541 2440 645 2465 usum
682 2429 824 2464 dictum
861 2429 907 2464 de
931 2430 1079 2476 sagittis
1103 2429 1256 2465 vulnera
1280 2429 1480 2475 infligente.
1506 2428 1632 2464 Lehrs.
1659 2430 1726 2464 Ar.

271 2488 380 2526 stud.
407 2487 517 2524 Hom.
542 2499 625 2533 pag.
651 2489 707 2523 78.

319 2548 349 2594 ⁴)
374 2546 428 2583 Cf.
453 2547 634 2591 Hartung,
659 2546 860 2592 Euripides
882 2546 1072 2582 restitutus
1095 2546 1143 2588 ΙΙ,
1171 2549 1213 2583 19
1238 2557 1317 2593 sqq.

324 2606 352 2650 ὅ)
378 2606 493 2642 Thuc.
519 2605 564 2649 V,
588 2606 646 2649 90,
669 2606 725 2641 94.
775 2604 830 2640 Ol.
855 2604 1056 2640 LXXXIX.
1083 2607 1114 2640 1.

319 2664 351 2711 ⁶)
373 2663 443 2700 Fix
469 2663 708 2709 elvronoloyia
723 2663 806 2707 sab.
832 2662 929 2699 Eur.
957 2662 1033 2699 XI.
