2080 3314
1065 363 1116 404 12

432 493 621 535 Victoria
649 494 862 548 reportata
890 494 1176 546 tropaeum
1207 489 1382 545 erigitur
1411 487 1457 544 ¹),
1488 497 1804 543 nonnumquam

375 580 516 623 addita
543 578 813 635 inscriptione
833 576 866 631 2)
897 576 1030 633 spolia
1044 576 1210 632 templis
1227 576 1356 618 affixa
1370 576 1549 632 legimus
1569 575 1616 629 ³).

432 666 567 708 Victis
595 665 697 708 belli
726 664 931 706 tributum
961 676 1148 706 annuum
1177 662 1406 719 imponitur
1426 660 1473 717 4),
1505 666 1577 704 aut
1602 663 1806 716 eoguntur

375 757 422 795 ut
450 753 603 795 liberos
633 765 727 794 suos
758 750 921 793 obsides
956 749 1124 792 tradant
1153 749 1378 791 victoribus
1398 747 1445 802 ⁵).

433 840 573 888 Quum
604 853 728 881 nemo
750 837 1007 880 Graecorum
1028 835 1139 893 apud
1156 835 1404 890 Homerum,
1424 835 1553 878 semel
1571 834 1679 877 facto
1704 833 1806 876 belli

375 927 508 980 initio,
527 925 720 968 Troianis
738 923 976 977 scientibus,
993 923 1142 965 urbem
1157 922 1287 964 intret
1302 936 1380 964 nec
1411 921 1554 963 fides
1583 919 1807 977 publica

376 1013 485 1055 hosti
529 1013 627 1054 data
672 1010 918 1067 reperiatur,
951 1009 1063 1065 apud
1093 1008 1338 1065 Euripidem
1371 1008 1591 1064 Polynices
1626 1006 1808 1062 interpo-

377 1100 457 1142 sita
501 1099 692 1156 pactione
742 1094 1041 1152 (ὑπόσπονδος)
1087 1095 1256 1137 Thebas
1285 1095 1404 1137 venit
1438 1094 1486 1148 ⁶).
1519 1093 1679 1136 Orestis
1709 1107 1809 1135 vero

377 1186 508 1228 verba
551 1184 725 1227 dicentis
781 1196 1011 1239 numquam
1062 1195 1105 1223 se
1152 1181 1197 1222 in
1243 1181 1422 1237 gratiam
1452 1180 1685 1223 rediturum
1714 1192 1809 1220 cum

379 1272 586 1328 Aegistho
616 1269 883 1322 (ἀσπόνδοισι
911 1268 993 1325 yde
1024 1267 1222 1322 νόμοισιν
1252 1269 1420 1323 ἔχθραν
1450 1266 1556 1323 τῷδε
1588 1263 1804 1321 συμβεβλή

376 1372 513 1412 καμεν
534 1357 563 1412 ⁷)
587 1358 790 1400 formulae
810 1356 921 1413 apud
941 1356 1189 1413 posteriores
1208 1358 1396 1398 auctores
1411 1353 1593 1396 usitatae
1610 1349 1811 1407 (πόλεμος

362 1442 607 1509 ἄσπονδος)
638 1443 876 1486 admonent.

437 1530 732 1587 Captivum
761 1529 807 1570 in
828 1528 980 1571 fabulis
1010 1528 1262 1584 tragicorum
1292 1526 1625 1568 interficere
1655 1525 1811 1568 nefas

380 1619 571 1661 habetur.
600 1617 862 1674 Eurystheus
884 1616 916 1670 s)
949 1607 1078 1672 quum
1095 1615 1140 1657 in
1156 1615 1313 1671 proelio
1329 1628 1414 1656 non
1429 1613 1672 1655 interfectus
1689 1612 1742 1654 sit
1758 1611 1811 1653 ab

380 1705 569 1747 hostibus
619 1717 755 1757 „nunc
800 1703 834 1744 si
886 1700 1096 1743 trucider'’
1129 1700 1265 1756 inquit
1300 1714 1379 1753 „ex
1410 1699 1665 1741 Graecorum
1697 1712 1812 1740 more

372 1806 466 1833 >non
492 1791 582 1832 sine
598 1791 761 1846 piaculo
777 1788 1008 1846 percussori
1048 1801 1141 1829 meo
1182 1786 1354 1840 morior3
1394 1785 1540 1827 civitas
1569 1798 1637 1826 me
1666 1783 1811 1826 vivum

381 1876 539 1917 dimisit
569 1875 794 1932 sapienter,
826 1888 982 1916 numen
1012 1873 1201 1915 divinum
1228 1873 1351 1927 longe
1367 1871 1498 1928 pluris
1515 1871 1670 1913 faciens
1687 1884 1813 1926 quam

382 1962 645 2004 inimicitiam
675 1961 874 2003 adversus
899 1959 1010 2002 me.’'
1039 1959 1187 2001 Talem
1215 1957 1514 2014 propemodum
1541 1956 1772 1999 orationem
1789 1972 1815 2000 a

383 2050 703 2092 Plataeensibus
738 2049 927 2091 habitam
956 2048 1135 2103 legimus
1166 2047 1276 2104 apud
1306 2045 1591 2102 Thucydidem
1610 2043 1656 2099 ⁹),
1688 2059 1814 2101 quam

384 2137 552 2193 quidem
570 2136 837 2178 clementiam
854 2139 902 2176 ut
919 2149 1003 2177 non
1021 2149 1184 2191 semper
1201 2149 1226 2176 a
1243 2133 1413 2176 Graecis
1425 2132 1699 2175 exercitatam
1710 2145 1813 2185 esse,

384 2224 445 2265 ita
474 2227 617 2265 tamen
647 2222 939 2278 antiquissima
955 2225 1092 2263 aetate
1108 2221 1304 2263 heroibus
1321 2235 1374 2262 ne
1386 2220 1430 2260 in
1446 2223 1631 2261 mentem
1648 2218 1815 2275 quidem

385 2310 549 2353 venisse
580 2309 788 2351 existimo.
821 2308 933 2357 Quin
963 2307 1259 2363 Agamemnon
1289 2306 1486 2347 iuvenem
1519 2305 1646 2347 armis
1678 2304 1814 2346 abiec-

437 2440 461 2486 1>
488 2440 585 2485 Sept.
610 2441 689 2480 276,
715 2439 850 2474 Phoen.
877 2439 976 2478 1251,
1004 2439 1104 2478 1473,
1126 2436 1269 2472 Heracl.
1290 2437 1374 2479 786..
1386 2434 1500 2469 Andr.
1516 2435 1592 2478 763,
1609 2432 1814 2477 Supp1.647

432 2498 458 2543 2)
486 2498 572 2532 Eur.
596 2498 652 2532 El.
678 2499 712 2541 7,
739 2498 838 2531 1000.
863 2515 909 2521 -
933 2495 959 2540 ⁸)
988 2495 1055 2539 Ag.
1082 2496 1160 2536 577,
1186 2493 1283 2538 Sept.
1311 2483 1390 2534 278,
1414 2492 1548 2526 Phoen.
1573 2491 1651 2525 575.

433 2556 459 2598 ⁴)
485 2555 593 2590 Rhes.
618 2556 696 2590 435.
722 2574 765 2579 —-
791 2554 817 2599 ⁵)
846 2553 954 2588 Rhes.
981 2554 1059 2593 434,
1085 2551 1131 2586 cf.
1158 2551 1216 2586 Or.
1243 2552 1340 2585 1189.
1366 2570 1410 2575 -
1435 2549 1462 2591 ⁵)
1487 2548 1620 2583 Phoen.
1646 2546 1723 2582 2732
1754 2553 1756 2555 '

434 2614 462 2659 ⁷)
487 2613 543 2647 El.
579 2614 658 2654 905,
683 2611 728 2647 cf.
755 2611 823 2656 Ag.
852 2612 952 2653 1208,
976 2609 1065 2644 Alc.>
1080 2610 1157 2643 426.
1181 2628 1225 2634 -—
1249 2608 1276 2651 ⁸)
1303 2606 1444 2642 Heracl.
1473 2607 1562 2641 1010
1585 2603 1815 2650 sqq-cf.966.

438 2670 465 2714 ⁹)
491 2670 602 2705 Thuc.
629 2669 694 2713 III,
718 2670 772 2704 58.
