2080 3314
1076 351 1131 393 88

386 480 471 525 iam
518 495 644 538 supra
684 479 711 535 ¹)
756 480 932 523 tractavi
978 483 1020 522 et
1060 478 1223 522 ostendi
1264 493 1389 536 quam
1419 477 1548 521 variis
1577 475 1711 521 modis
1739 476 1822 522 viri

386 568 495 611 docti
525 567 684 609 crimen
714 566 973 609 crudelitatis
1003 566 1347 609 Lacedaemoniis
1378 580 1404 608 a
1432 569 1556 622 poeta
1585 566 1751 608 illatum
1768 564 1821 607 ad

387 669 450 709 ea,
483 668 590 710 quae
620 653 741 696 nobis
772 653 825 695 ab
855 653 1062 696 historicis
1092 653 1247 696 tradita
1263 657 1373 708 sunt,
1391 653 1547 696 referre
1564 653 1701 696 conati
1722 652 1819 695 sint.

386 740 677 783 Zirndorferus
712 739 745 794 ²)
776 744 955 796 tempus,
988 755 1068 796 quo
1099 740 1243 783 fabula
1258 741 1485 797 composita
1507 740 1573 795 sit,
1593 740 1694 782 satis
1709 743 1822 783 certo

386 827 506 870 nobis
547 842 591 870 se
620 827 798 884 probare
829 842 949 884 posse
980 828 1216 870 existimat:
1256 826 1580 870 Lacedaemonii
1609 827 1722 870 enim
1753 825 1820 870 Ol.

386 914 641 956 LXXXIX.
678 916 728 970 1.,
774 915 952 956 induciis
993 915 1144 957 annuis
1181 929 1276 957 cum
1316 914 1648 957 Atheniensibus
1691 913 1822 968 initis,

386 1001 659 1043 nihilominus
688 1002 734 1042 in
764 1000 1025 1044 Chersoneso
1055 1001 1272 1056 Thracica,
1306 1001 1408 1043 duce
1441 1000 1632 1055 Brasida,
1669 1001 1824 1044 multas

386 1089 576 1130 civitates
621 1087 948 1131 Atheniensium
990 1088 1121 1130 socias
1160 1092 1208 1130 ut
1258 1088 1483 1130 deficerent
1526 1087 1822 1130 incitaverunt.

387 1174 502 1217 Hinc
530 1175 575 1216 in
591 1175 746 1230 fabula,
765 1176 906 1231 paullo
922 1179 1015 1232 post
1033 1175 1157 1230 edita,
1183 1190 1329 1218 eorum
1346 1175 1577 1232 perfidiam,
1596 1175 1822 1230 vafritiam,

388 1262 492 1303 lucri
531 1261 802 1318 cupiditatem
833 1263 1062 1309 insectatur
1091 1266 1226 1319 poeta.
1270 1262 1487 1305 Samuel
1527 1262 1748 1305 Petitus
1776 1260 1824 1317 ³),

386 1347 598 1390 Boeckhio
633 1347 666 1402 4)
698 1348 967 1402 assentiente,
999 1347 1118 1390 docet
1147 1348 1332 1390 Menelai
1355 1340 1492 1391 ‘verba
1511 1347 1544 1402 ⁵)
1568 1363 1612 1390 se
1629 1347 1825 1405 Spartam

386 1434 502 1477 abire
531 1438 579 1476 ut
609 1434 808 1477 adversus
839 1435 988 1477 urbem
1020 1435 1231 1491 quandam
1261 1435 1456 1490 vicinam,
1475 1449 1582 1492 quae
1599 1435 1825 1478 amicitiam

386 1522 607 1579 pristinam
638 1522 908 1577 dissolvisset,
941 1523 1100 1565 bellum
1131 1526 1263 1579 paret,
1296 1537 1380 1564 non
1411 1523 1553 1564 fictum
1569 1522 1727 1564 bellum
1743 1522 1825 1578 sig-

386 1610 556 1651 nificase
587 1608 659 1651 sed
689 1609 909 1651 referenda
940 1623 1030 1651 esse
1062 1609 1116 1651 ad
1132 1609 1559 1651 Lacedaemoniorum
1575 1609 1620 1650 in
1642 1598 1826 1664 Argivos

385 1696 680 1750 incursionem,
713 1710 843 1751 quum
872 1694 1025 1751 Argivi
1056 1696 1306 1758 Troezenios
1336 1695 1490 1738 iniuria
1521 1695 1769 1738 affecissent.
1791 1694 1824 1749 ⁶)

389 1783 507 1832 Quae
538 1782 677 1839 opinio
708 1782 743 1823 si
772 1797 875 1825 vera
905 1786 967 1825 est
996 1782 1121 1824 huius
1152 1783 1320 1825 fabulae
1345 1782 1391 1824 in
1408 1796 1575 1825 scenam
1592 1781 1826 1825 commissio

391 1869 457 1912 Ol.
490 1868 582 1911 XO.
615 1870 670 1924 2.,
717 1869 859 1925 itaque
906 1870 1089 1926 quinque
1135 1870 1257 1912 annis
1296 1873 1390 1926 post
1428 1873 1594 1926 tempus
1635 1884 1661 1911 a
1701 1868 1826 1912 Fixio

389 1956 674 2010 constitutum,
706 1956 899 2012 ponenda
929 1960 1004 1999 est.
1043 1957 1280 2013 Utramque
1299 1957 1551 1999 sententiam
1574 1956 1718 1999 eodem
1733 1956 1826 1999 iure

389 2043 631 2100 impugnari
661 2047 703 2085 et
734 2043 902 2085 defendi
935 2057 1056 2100 posse
1089 2043 1223 2086 credo.
1271 2042 1403 2085 Ohori
1432 2043 1536 2084 illud
1572 2056 1826 2099 „numquam

390 2130 548 2186 duplex
592 2130 816 2187 imperium
857 2133 1071 2186 praestare
1107 2130 1232 2172 unius
1262 2130 1344 2173 viri
1374 2129 1577 2187 imperio'’
1616 2129 1647 2184 ⁷)
1678 2129 1826 2172 Niciae

392 2221 433 2259 et
473 2216 641 2259 Cleonis
681 2218 848 2259 aemula
888 2217 1026 2259 studia
1056 2220 1129 2259 aut
1159 2217 1286 2259 aliam
1316 2217 1499 2273 partium
1530 2217 1580 2259 de
1611 2216 1826 2259 dominatu

390 2303 700 2345 contentionem
746 2307 934 2359 spectare
980 2302 1131 2345 Fixius
1175 2303 1382 2359 perhibet.
1432 2303 1608 2360 Saepius
1658 2303 1738 2347 hac
1780 2297 1826 2345 in

439 2527 466 2570 ¹)
490 2526 580 2562 Vide
604 2537 686 2573 pag.
711 2527 767 2562 50.
793 2546 836 2552 —
861 2526 886 2569 2)
910 2513 958 2563 1'.1.
984 2538 1068 2573 pag.
1091 2527 1147 2561 45.
1172 2546 1218 2552 -—
1243 2525 1276 2573 ³)
1301 2525 1407 2564 Misc.
1440 2527 1506 2569 III,
1522 2528 1631 2563 16.-
1646 2525 1672 2570 ⁴)
1684 2526 1735 2562 1.1.
1747 2526 1824 2564 XV.

440 2584 466 2629 ⁵)
491 2584 606 2619 Andr.
632 2585 712 2620 733.
736 2604 781 2610 —
808 2583 835 2627 Β)
862 2584 975 2619 Thuc.
999 2584 1043 2627 V,
1067 2585 1112 2620 58
1127 2595 1217 2631 sqq„
1243 2584 1306 2630 VI,
1329 2586 1361 2629 7,
1386 2584 1432 2620 cf.
1458 2585 1565 2621 Diod.
1590 2584 1659 2620 Sic.
1671 2584 1754 2627 XII,
1768 2585 1822 2620 78.

443 2643 467 2687 ἵ)
492 2642 608 2679 Andr.
632 2643 712 2678 471.
735 2653 788 2687 sq.
