2080 3314
882 331 962 374 107

193 461 326 506 latam
357 461 610 519 sapientiam
641 461 694 504 ad
724 461 852 503 finem
883 460 1115 517 politicum,
1133 475 1210 503 sua
1225 461 1412 518 ipsorum
1429 459 1648 503 commoda

194 554 444 608 spectantes,
482 549 754 592 adhibebant.
786 548 893 591 Inde
923 549 1113 606 quisquis
1143 554 1234 591 erat
1264 549 1408 606 paullo
1435 548 1645 606 perspica-

193 639 280 681 cior
324 652 373 680 ac
416 637 664 695 prudentior
709 637 872 679 nullam
918 637 1009 679 istis
1051 637 1193 679 ariolis
1230 637 1356 680 fidem
1389 636 1575 679 habebat
1606 640 1648 679 et

192 739 294 768 mox
317 723 457 782 ipsum
487 739 651 782 quoque
681 725 835 781 vulgus
864 725 1031 781 magnis
1062 725 1448 782 exspectationibus
1478 724 1645 778 falsum,

192 811 459 855 fatidicorum
521 812 700 855 oraculis
762 805 898 869 coepit
959 813 1162 855 diffidere.
1225 813 1342 855 Talis
1399 812 1648 869 suspicionis

192 899 376 956 vestigia
418 899 466 942 in
495 900 726 956 tragoediis
756 915 922 957 quoque
953 901 1159 944 videmus.
1221 901 1377 943 Totum
1408 914 1543 956 genus
1575 914 1648 942 va-

193 991 286 1030 tum
317 987 588 1030 ambitiosum
617 988 792 1042 malum,
828 988 862 1042 ¹)
893 988 1098 1045 pecuniae
1129 988 1315 1042 avidum,
1349 986 1384 1041 2)
1411 986 1647 1030 mercedem

124 1117 130 1121 .
193 1079 368 1134 captans
385 1074 420 1130 ⁸)
450 1090 542 1118 esse
573 1076 790 1118 audimus:
823 1090 954 1133 quare
980 1080 1100 1119 vates
1117 1091 1252 1133 pauca
1267 1091 1371 1118 vera
1385 1076 1498 1118 inter
1513 1075 1650 1118 multa

193 1163 301 1207 falsa
329 1163 487 1220 dicunt.
509 1162 544 1218 4)
575 1164 761 1207 Tiresias
792 1164 948 1207 ariolus
978 1165 1068 1221 ipse
1099 1165 1276 1206 stultum
1307 1178 1398 1206 esse
1428 1164 1650 1221 profitetur

194 1251 267 1309 qui
306 1251 527 1294 divinandi
567 1256 658 1295 arte
698 1256 866 1308 utatur3
908 1253 1016 1295 falsa
1057 1253 1170 1295 enim
1202 1253 1369 1310 saepius
1400 1251 1649 1309 praedicunt

193 1342 314 1382 vates
324 1338 498 1382 deorum
514 1340 610 1383 iura
625 1340 846 1396 violantes,
865 1355 995 1398 quum
1013 1355 1084 1384 eos
1100 1342 1300 1384 misereat
1316 1341 1647 1395 consulentium3

192 1424 439 1484 Apollinem
482 1427 614 1484 igitur
658 1429 794 1470 solum
840 1429 1059 1486 oportebat
1099 1430 1269 1472 oracula
1309 1443 1460 1471 canere
1491 1428 1650 1485 quippe

193 1514 267 1572 qui
295 1498 512 1558 neminem
540 1515 702 1558 timeat.
739 1515 772 1570 ⁵)
808 1516 1195 1560 Vehementissime
1226 1532 1327 1560 vero
1357 1516 1650 1574 perstringun-

192 1605 264 1644 tur
292 1601 452 1645 fatidici
481 1603 528 1645 in
559 1603 730 1646 Helena
761 1603 1010 1661 Euripidea:
1044 1604 1152 1646 nihil
1183 1605 1335 1647 sinceri
1367 1609 1430 1647 est
1459 1605 1505 1646 in
1535 1604 1648 1660 ignis

193 1690 388 1745 flamma,
445 1690 547 1747 quid
601 1705 703 1748 ergo
756 1695 875 1735 vates
920 1693 1209 1734 consulimus?
1256 1692 1319 1734 dis
1365 1692 1649 1735 sacrificantes

192 1777 300 1820 bona
328 1776 380 1819 ab
409 1778 463 1819 iis
486 1782 624 1833 petere
654 1782 819 1836 oportet
842 1804 895 1808 —
921 1779 1177 1822 Socraticam
1209 1780 1476 1837 disciplinam
1506 1779 1573 1822 his
1603 1780 1649 1822 in

193 1864 335 1908 verbis
379 1865 690 1909 animadverte!
733 1892 788 1896 —
830 1870 872 1909 et
907 1867 1110 1910 vaticinia
1139 1867 1346 1910 omittere.
1395 1867 1522 1910 Vana
1552 1871 1651 1910 sunt

192 1951 268 1994 illa
296 1952 474 1996 inventa
503 1957 546 1996 et
574 1968 700 1997 nemo
731 1955 812 1997 sibi
841 1955 1012 1998 divitias
1042 1956 1212 2012 collegit
1242 1956 1332 1998 sine
1348 1956 1509 1999 labore.
1541 1956 1649 1998 Pru-

193 2040 339 2083 dentia
367 2040 482 2083 enim
511 2041 755 2098 bonumque
786 2043 1009 2085 consilium
1030 2030 1223 2100 'optimus
1254 2047 1373 2085 vates
1389 2048 1464 2086 est.
1502 2044 1535 2098 6)
1567 2044 1648 2086 Cui

194 2127 430 2172 sententiae
475 2128 639 2184 chorus,
687 2134 838 2187 poetae
883 2131 1080 2186 vicarius,
1128 2131 1352 2188 respondet
1402 2132 1538 2186 „idem
1571 2147 1648 2188 ego

194 2229 361 2272 quoque
406 2215 542 2258 sentio
586 2216 638 2259 de
669 2217 882 2259 vatibus.'’
915 2217 1096 2275 Propter
1125 2218 1230 2260 haec
1261 2218 1450 2261 convicia
1479 2219 1649 2261 vatibus

194 2302 318 2356 facta,
365 2305 589 2361 utramque
631 2304 902 2362 Iphigeniam
932 2306 1131 2363 scriptam
1163 2321 1254 2349 esse
1285 2310 1378 2363 post
1409 2307 1571 2349 cladem
1601 2308 1648 2350 in

195 2389 340 2434 Sicilia
369 2394 584 2448 acceptam
614 2392 766 2435 Fixius
796 2397 929 2450 putat.
991 2393 1087 2437 Hoc
1118 2394 1231 2437 enim
1262 2394 1483 2437 hominum
1513 2410 1649 2451 genus

194 2482 364 2525 oracula
407 2480 664 2536 colligentes,
710 2485 759 2523 ut
803 2481 1071 2538 Thucydides
1115 2486 1275 2537 narrat,
1310 2481 1342 2536 7)
1389 2483 1443 2525 ab
1473 2483 1648 2527 ineunte

242 2609 270 2652 ¹)
294 2609 323 2644 1.
350 2608 394 2645 A.
420 2610 501 2644 520.
525 2629 572 2634 —
596 2608 624 2655 2)
651 2607 737 2644 Ant.
765 2610 866 2645 1055.
893 2630 937 2635 —
964 2609 991 2654 ³)
1017 2609 1152 2646 Bacch.
1178 2612 1258 2646 257.
1284 2630 1326 2635 -
1354 2609 1382 2654 ⁴)
1408 2610 1436 2645 Ι.
1462 2611 1507 2646 A.
1533 2612 1612 2647 956.

243 2667 272 2714 ¹⁵)
295 2667 434 2704 Phoen.
457 2668 527 2704 954
550 2678 627 2714 sqq.
656 2687 699 2694 —
724 2666 752 2714 ⁶)
779 2667 858 2703 Hel.
885 2669 953 2705 746
977 2679 1054 2715 sqq.
1079 2689 1127 2696 —
1150 2668 1182 2715 ⁷)
1208 2668 1374 2715 Thucyd.
1400 2669 1446 2712 H,
1465 2671 1509 2705 21
1523 2669 1570 2705 cf.
1591 2671 1647 2706 54.
