2080 3314
938 354 991 398 57

241 479 408 524 traiecit
435 483 658 537 postquam
688 479 734 522 in
764 479 1002 525 Asiaticum
1030 482 1166 526 solum
1193 497 1248 526 ex
1266 482 1438 540 Europa
1454 485 1631 526 venerat
1645 480 1688 539 ι).

242 568 407 623 Graeci,
439 567 568 612 Troia
598 573 856 626 expugnata,
888 570 934 612 in
951 569 1167 627 Europam
1185 570 1400 613 redierunt
1417 568 1450 625 2)
1473 574 1516 614 et
1539 569 1690 615 Asiam

241 657 485 713 relinquens
531 656 795 713 captivarum
827 657 992 713 chorus,
1035 658 1216 713 Graecis,
1241 659 1446 702 servitum
1477 659 1684 703 matribus

239 747 288 788 ut
327 747 410 799 eat,
451 743 668 802 Europam
709 759 754 788 se
795 745 912 788 adire
954 746 1146 804 queritur
1162 741 1207 800 ὅ).
1247 746 1379 789 Asiae
1410 746 1690 804 Europaeque

239 831 346 876 fines
385 831 534 875 Paridi
574 831 683 875 Iuno
723 833 917 892 promisit
957 834 992 876 si
1033 833 1183 878 ceteris
1213 834 1373 878 deabus
1403 834 1540 893 ipsam
1572 839 1691 879 ante-

239 919 406 964 tulisset
419 919 468 974 4).

297 1007 548 1066 Phrygiam,
590 1010 788 1067 Mysiam,
830 1014 1046 1068 totamque
1084 1011 1265 1068 Lydiam
1297 1011 1351 1055 ad
1380 1010 1531 1055 Asiam
1561 1011 1690 1069 perti-

239 1111 342 1140 nere
382 1096 501 1140 docet
536 1096 774 1155 Aeschylus
791 1098 848 1154 5);
880 1099 1125 1142 remotiores
1157 1114 1323 1156 quoque
1358 1100 1551 1156 regiones
1588 1099 1690 1142 Cili-

239 1183 348 1226 ciam
379 1187 422 1227 et
452 1183 741 1242 Pamphiliam
773 1185 1021 1243 Supplicum
1052 1186 1203 1229 chorus
1236 1186 1283 1229 Io
1298 1182 1576 1244 pervagatam
1598 1202 1689 1232 esse

238 1271 358 1314 novit
384 1271 442 1327 ⁶);
501 1272 681 1330 Dionysi
737 1288 814 1331 per
869 1273 1104 1328 Persidem,
1152 1274 1438 1329 Bactrianam,
1486 1275 1687 1331 Mediam,

238 1357 447 1403 Arabiam
477 1360 643 1404 felicem
672 1361 875 1404 itinerum
907 1362 953 1403 in
985 1361 1164 1405 Bacchis
1196 1363 1244 1404 fit
1273 1363 1432 1406 mentio
1450 1363 1496 1418 ⁷).

299 1489 539 1554 „Nomades
581 1500 835 1558 Scythas,
878 1502 924 1543 in
965 1502 1157 1545 curribus
1197 1503 1484 1558 habitantes'',
1531 1518 1690 1547 memo-

237 1589 335 1630 rant
364 1591 407 1630 et
436 1587 679 1630 Herodotus
695 1588 728 1642 ⁸)
760 1592 802 1630 et
832 1587 1072 1645 Aeschylus
1089 1587 1136 1643 9).
1184 1589 1251 1632 De
1291 1590 1443 1633 horum
1484 1591 1690 1634 ferrifodi-

237 1675 304 1718 nis
360 1675 583 1732 aliquoties
629 1689 766 1718 sermo
812 1679 876 1718 est
921 1675 1034 1732 apud
1074 1677 1271 1732 tragicos.
1300 1677 1351 1732 10)
1398 1678 1687 1733 Thracum,

237 1763 356 1807 cuius
404 1763 544 1820 gentis
594 1763 809 1806 Homerus
851 1764 1037 1820 aliquam
1084 1765 1234 1807 saltem
1281 1766 1474 1808 notitiam
1521 1766 1684 1820 habuit,

236 1851 527 1906 vinolentiam,
559 1851 672 1908 apud
701 1852 953 1908 posteriores
984 1852 1203 1907 famosam,
1236 1853 1414 1909 castigat
1441 1853 1574 1897 Rhesi
1592 1869 1688 1897 auc-

236 1942 314 1982 tor.
349 1938 398 1993 ¹¹)
444 1938 602 1981 Bacchi
653 1940 870 1982 oraculum
915 1939 961 1981 in
1007 1939 1190 1982 Thracia
1236 1955 1394 1996 magna
1438 1941 1688 1984 auctoritate

236 2027 366 2070 fuisse
406 2030 582 2084 apparet
619 2041 714 2069 cum
755 2041 811 2069 ex
851 2027 1068 2070 Herodoto
1086 2027 1135 2082 12)
1172 2033 1263 2070 tum
1295 2043 1318 2071 e
1349 2029 1534 2085 tragicis.
1556 2030 1603 2083 ¹³)
1636 2030 1688 2072 In

208 2107 210 2109 ’
238 2113 382 2156 Rheso
399 2118 544 2156 autem
564 2114 749 2157 Thracia
764 2118 879 2157 terra
897 2115 1155 2171 argentifera
1174 2116 1235 2170 ¹⁴),
1255 2121 1297 2158 et
1314 2131 1416 2159 auro
1433 2117 1551 2160 dives
1567 2132 1688 2160 mons

237 2201 465 2258 Pangaeus
488 2201 551 2256 ¹⁵),
583 2202 645 2244 ita
674 2201 912 2257 insignibus
943 2202 1139 2245 laudibus
1157 2218 1182 2245 a
1197 2207 1322 2260 poeta
1339 2204 1621 2260 celebrantur,
1641 2210 1688 2247 ut

295 2309 322 2345 1)
348 2305 377 2341 Ι.
402 2305 443 2340 Τ.
469 2307 537 2341 396
562 2305 604 2341 cf
636 2307 714 2348 135,
745 2307 819 2340 180.
845 2305 965 2340 Prom.
992 2307 1060 2341 735
1099 2326 1139 2331 —
1168 2309 1195 2348 2)
1222 2307 1336 2342 Andr.
1364 2309 1444 2342 801.

297 2365 327 2409 3)
354 2363 440 2399 Hec.
466 2365 547 2408 482,
571 2363 618 2398 cf.
643 2363 732 2398 Eur.
758 2363 814 2398 El.
842 2365 919 2398 315.
947 2384 992 2389 —
1016 2365 1046 2406 4)
1073 2364 1205 2399 Troad.
1232 2367 1311 2409 927,
1337 2365 1383 2400 ef.
1410 2367 1473 2401 Ion
1504 2368 1604 2403 1356.

294 2425 326 2466 5)
351 2421 486 2458 Aesch.
519 2421 645 2467 Suppl.
677 2423 755 2457 547.
786 2443 824 2447 —
852 2422 880 2467 6)
908 2421 958 2457 id.
984 2424 1062 2457 551.
1097 2444 1130 2448 —
1155 2424 1185 2469 7)
1211 2423 1343 2459 Bacch.
1378 2427 1420 2460 15
1453 2438 1529 2471 sqq.
1557 2426 1602 2462 cf.
1630 2428 1686 2462 64.

295 2481 325 2526 8)
350 2479 503 2515 Herodt.
528 2479 589 2521 lV,
617 2481 670 2515 19.
698 2501 739 2506 —
765 2481 794 2526 9)
822 2479 941 2514 Prom.
967 2482 1046 2525 709,
1071 2480 1118 2516 cf.
1145 2481 1290 2517 Hesiod.
1321 2484 1449 2528 fragm.
1484 2485 1561 2520 189.

282 2540 328 2582 1⁰)
352 2538 473 2574 Prom-
498 2540 530 2573 2.
557 2539 636 2582 301,
663 2538 741 2574 714.
767 2537 865 2583 Sept.
890 2539 970 2574 817.

283 2604 328 2643 11)
341 2599 452 2636 Rhes.
467 2601 546 2644 405,
557 2601 765 2651 προπίνειν,
775 2599 842 2636 438
852 2601 1054 2652 α’μιῖστιδες
1063 2606 1099 2638 et
1111 2603 1256 2648 passim.
1273 2625 1300 2630 —
1310 2606 1353 2643 12)
1367 2605 1598 2651 IlerodtNII,
1610 2610 1623 2641 1
1636 2609 1686 2645 11.

283 2660 328 2706 1³)
351 2658 438 2694 nec.
468 2660 568 2703 1267,
595 2659 704 2697 Rhea.
729 2661 809 2699 972.
835 2680 880 2687 —
906 2663 955 2708 14)
980 2661 1030 2697 id.
1056 2663 1134 2699 970.
1161 2683 1205 2688 —
1232 2664 1278 2710 ιδ)
1302 2663 1352 2698 id.
1378 2665 1457 2700 922.
