2080 3314
892 329 984 381 ,91

292 456 346 501 In
390 457 485 500 aliis
531 470 698 515 quoque
737 456 967 513 tragoediis
1007 454 1275 500 Alcibiadem
1315 457 1454 515 ipsum
1495 457 1574 500 sub
1613 455 1693 499 hac

233 544 363 589 illave
398 545 601 588 dramatis
639 559 821 602 persona
859 545 906 587 in
947 559 1117 588 scenam
1157 545 1444 588 introductum
1488 559 1580 588 esse
1610 545 1692 587 viri

233 633 344 677 docti
371 632 612 691 perhibent.
645 632 899 689 Hartungus
930 632 1145 675 Helenam
1177 632 1455 690 Euripideam
1481 647 1577 675 cum
1616 631 1692 674 Al·
1724 649 1727 653 ·

233 719 397 764 cibiade
452 719 636 764 confert:
684 719 854 777 utrique
906 720 1016 763 mira
1061 720 1221 763 formae
1267 720 1530 778 praestantia
1575 723 1691 775 erat3

233 811 412 865 uterque
450 811 543 851 tum
582 807 747 865 patriae
786 811 878 850 tum
919 822 1020 851 suae
1050 808 1215 865 patriae
1246 809 1428 851 inimicis
1459 808 1691 866 perniciem

232 895 465 953 parabant3
505 895 683 938 infamia
723 899 850 952 atque
892 895 1055 938 invidia
1095 899 1274 953 uterque
1303 896 1448 939 insons
1481 896 1691 952 flagrabat

233 986 277 1026 et
315 983 455 1040 patria
490 984 591 1026 exul
631 987 840 1041 potestate
877 984 1047 1027 carebat
1088 984 1314 1026 criminum
1359 983 1690 1041 purgandorum.

234 1071 430 1116 Helenae
459 1072 605 1115 fabula
633 1073 765 1129 igitur
795 1072 1024 1130 Hartungo
1056 1073 1292 1130 conscripta
1322 1088 1414 1117 esse
1444 1073 1614 1116 videtur
1644 1077 1692 1115 ut

233 1163 504 1204 revocaretur
543 1159 786 1203 Alcibiades
825 1161 948 1218 eique
989 1161 1285 1204 diluendorum
1317 1162 1542 1204 criminum
1574 1161 1695 1219 copia

233 1247 368 1291 fieret.
419 1247 500 1291 Oui
546 1249 783 1292 sententiae
822 1252 968 1292 tamen
1007 1250 1098 1307 ipse
1139 1249 1393 1307 Hartungus
1430 1250 1690 1293 contradicit.

234 1333 426 1379 Coniecit
462 1335 577 1378 enim
613 1336 843 1392 Helenam,
887 1335 1221 1393 Andromedam,
1261 1338 1477 1381 Electram
1508 1338 1561 1381 ad
1592 1352 1692 1381 ean-

234 1423 332 1467 dam
362 1422 634 1467 didascaliam
664 1424 891 1481 pertinere,
925 1425 997 1468 sed
1014 1425 1122 1468 miro
1139 1425 1263 1468 modo
1280 1425 1397 1468 addit
1414 1425 1492 1468 has
1511 1425 1692 1468 feminas

233 1489 519 1570 praestantes,
553 1513 742 1556 virorum
782 1513 955 1556 fortium
992 1514 1150 1556 virtute
1181 1517 1223 1556 et
1252 1514 1473 1571 inopinato
1504 1514 1692 1557 adventu

234 1615 261 1644 a
289 1599 413 1643 malis
435 1603 487 1658 ⁴et
517 1600 782 1643 contumeliis
813 1601 1028 1655 liberatas,
1048 1599 1380 1644 Atheniensium
1409 1602 1691 1645 conditionem

233 1686 486 1744 significare,
532 1687 689 1744 quippe
730 1688 802 1744 qui
842 1692 937 1745 post
977 1688 1139 1730 cladem
1187 1688 1453 1731 Siciliensem
1483 1689 1692 1732 desiderio

234 1776 486 1833 flagrassent
501 1776 663 1832 egregii
694 1776 789 1831 viri,
823 1776 896 1833 qui
913 1791 1061 1819 eorum
1078 1792 1169 1820 rem
1198 1777 1409 1834 perditam
1428 1778 1684 1820 restitueret.

234 1863 445 1921 Equidem
474 1878 612 1921 neque
643 1863 766 1908 video
796 1879 936 1921 neque
958 1865 1152 1921 intelligo
1170 1865 1376 1922 quomodo
1393 1865 1542 1908 eadem
1559 1865 1691 1908 Hele-

234 1965 317 1995 nae
350 1965 531 2008 persona
565 1952 692 1994 simul
718 1951 1000 2007 Alcibiadem,
1027 1953 1173 2010 populi
1189 1953 1338 1995 ducem
1356 1954 1617 2008 exulantem,
1637 1954 1691 1996 si-

234 2039 325 2082 mul
333 2039 538 2097 populum
545 2040 854 2097 desperantem,
864 2056 965 2084 mox
973 2042 1236 2099 sospitatum,
1246 2046 1539 2100 representare
1545 2043 1688 2100 possit.

293 2127 522 2184 Hartungo
543 2125 576 2182 ¹)
607 2129 791 2172 libenter
808 2106 1118 2187 adstipulamur
1135 2130 1395 2172 simillimam
1412 2145 1503 2173 esse
1520 2145 1691 2173 causam

235 2214 464 2272 PolyniciS,
494 2215 542 2258 in
571 2215 789 2274 Euripidis
819 2216 1078 2272 Phoenissis,
1122 2222 1164 2261 et
1199 2216 1447 2260 Alcibiadis.
1481 2218 1690 2261 Societate

235 2316 331 2346 cum
361 2301 552 2345 hostibus
581 2303 726 2346 iuncta
754 2304 906 2361 ingens
922 2306 1085 2362 patriae
1102 2306 1263 2348 bellum
1280 2309 1459 2363 uterque
1475 2306 1687 2361 conflavit,

234 2393 414 2447 uterque
458 2391 666 2447 regnandi
713 2392 943 2450 cupiditate
990 2398 1032 2436 et
1078 2394 1238 2437 reditus
1277 2394 1485 2437 desiderio
1521 2395 1688 2451 flagrat.

234 2477 443 2521 Attamen
486 2478 640 2522 idcirco
686 2494 771 2522 non
817 2481 1030 2525 affirmare
1061 2482 1198 2525 ausim
1229 2482 1307 2524 sub
1338 2481 1542 2539 Polynice
1572 2480 1689 2526 Alci-

234 2565 372 2608 biadis
409 2581 634 2623 personam
679 2568 826 2611 latere.
874 2568 986 2618 Quid
1025 2571 1171 2613 enim?
1216 2571 1464 2627 Polynicem
1509 2571 1689 2614 concedo

288 2651 314 2696 ι)
339 2652 389 2688 1.1.
414 2652 462 2699 11,
486 2654 566 2689 408.
