2080 3314
961 360 1012 405 17

319 484 537 536 Ludorum
567 489 795 548 praesides,
827 489 1010 533 sortibus
1040 488 1189 544 ductis,
1221 488 1359 531 locum
1391 481 1551 545 aurigis
1581 486 1713 545 assig-

262 583 415 623 nantes
454 581 498 621 et
523 577 750 621 victoribus
781 577 972 634 praemia
1001 575 1291 631 decernentes,
1321 575 1493 631 βραβεΐς
1507 574 1538 629 1)
1579 575 1714 619 nomi-

261 669 421 710 nantur
450 679 680 722 eorumque
710 679 864 707 munus
894 665 1077 720 βραβεία
1095 665 1140 719 ²).
1173 664 1226 706 In
1256 664 1525 721 quinquertio
1541 663 1714 707 tandem

261 752 421 796 victum
451 753 524 810 qui
554 753 714 810 excipit
743 752 919 808 ἔφεδρος
939 751 973 807 ³)
1004 752 1169 795 dicitur.

319 840 586 898 Polyxenam
616 844 845 884 mactatam
875 839 1031 897 Argivi
1060 839 1280 883 frondibus
1310 842 1598 893 consternunt,
1632 852 1715 895 quo
1743 870 1747 875 -

263 927 410 971 eodem
459 928 620 971 honore
665 928 855 971 favorem
902 942 1039 983 suum,
1087 928 1159 985 qui
1208 926 1434 984 Olympiae
1480 925 1716 969 certamina

262 1016 522 1074 spectabant,
564 1016 793 1059 victoribus
832 1016 980 1060 testari
1010 1016 1216 1059 solebant.
1250 1015 1504 1058 Scholiastes
1525 1012 1559 1068 4)
1591 1013 1716 1056 Euri-

262 1103 410 1160 pideus
451 1103 747 1147 Eratosthenis
787 1104 932 1159 verba,
974 1118 1083 1161 quae
1124 1101 1408 1158 φυλλοβολίας
1447 1117 1609 1146 morem
1641 1116 1716 1145 ex-

262 1190 436 1248 plicant,
478 1190 669 1246 laudans,
711 1191 802 1248 ipse
842 1191 981 1234 addit:
1019 1190 1157 1232 ταῦτα
1187 1183 1264 1233 οὖν
1294 1189 1389 1247 περὶ
1418 1189 1516 1238 τούς
1543 1188 1718 1247 χρόνους

263 1275 508 1335 Εὐριπίδου.

323 1365 489 1421 Graeci,
536 1381 563 1409 a
591 1365 735 1423 pueris
773 1366 819 1408 in
849 1366 1073 1423 palaestris
1104 1366 1327 1410 exercitati
1358 1370 1401 1409 et
1432 1365 1546 1408 virili
1577 1369 1718 1409 aetate

264 1453 448 1510 corporis
478 1454 802 1505 exercitationes
832 1455 878 1496 in
894 1455 1128 1512 gymnasiis
1145 1469 1231 1497 non
1247 1455 1593 1509 intermittentes,
1612 1453 1718 1497 haec

263 1542 499 1585 certamina
513 1542 560 1584 in
575 1542 737 1585 deliciis
753 1542 982 1586 habebant.
1008 1542 1195 1585 Heroica
1210 1546 1356 1585 tamen
1373 1546 1513 1586 aetate
1530 1542 1718 1585 nondum

262 1627 474 1684 γυμνάσια
498 1629 532 1684 ³)
550 1634 623 1674 aut
639 1629 907 1687 παλαίστρας
925 1629 959 1685 ⁶)
976 1631 1061 1673 iam
1080 1630 1294 1673 exstitisse
1310 1634 1424 1687 puto.
1450 1629 1572 1679 Quod
1586 1629 1719 1686 igitur

263 1716 488 1774 Polynices
503 1716 618 1772 dicit,
635 1717 831 1761 lacrimas
847 1718 928 1760 sibi
945 1718 1113 1761 obortas
1129 1732 1220 1761 esse
1247 1722 1341 1775 post
1357 1718 1533 1774 longum
1550 1719 1718 1774 tempus

264 1805 468 1848 revisenti
512 1809 624 1849 tecta
669 1809 712 1849 et
758 1820 853 1849 aras
894 1806 1069 1849 deorum
1114 1803 1336 1860 γυμνάσιά
1383 1803 1432 1856 θ’,
1480 1798 1584 1847 οἷσιν
1631 1803 1720 1845 ἐνε-

264 1892 439 1949 τράφην
458 1892 505 1948 ⁷),
536 1892 707 1935 heroica
726 1893 1003 1950 posteriorem
1021 1897 1205 1936 aetatem
1222 1893 1396 1936 redolet.
1431 1892 1492 1935 At
1508 1892 1635 1935 nimis
1652 1891 1720 1934 his

264 1980 412 2023 studiis
442 1980 659 2038 Euripidis
689 1981 887 2038 aequales
918 1995 1239 2038 nonnumquam
1272 1980 1566 2037 indulgebant,
1610 1980 1721 2038 quod

264 2072 391 2126 poeta
433 2068 658 2126 improbat,
706 2068 888 2112 athletas
935 2067 1311 2112 vehementissime
1357 2068 1649 2125 perstringens
1670 2067 1718 2124 ⁸),

265 2155 538 2213 graviterque
577 2170 766 2199 cursores
807 2155 1036 2213 obiurgans
1059 2153 1108 2212 9).
1150 2154 1426 2198 Athletarum
1469 2155 1719 2199 obesitatem

265 2242 444 2300 despicit
499 2243 738 2300 Euripides,
796 2257 878 2300 quo
924 2243 1071 2300 ‘iudice
1127 2243 1268 2286 ventri
1331 2243 1462 2285 dediti
1515 2247 1627 2298 sunt,
1674 2243 1721 2286 in

265 2330 378 2374 bello
406 2330 581 2374 inutiles
611 2334 654 2373 et
682 2330 912 2374 honoribus
943 2331 1096 2388 quibus
1112 2331 1324 2385 fruuntur,
1347 2345 1519 2387 prorsus
1539 2330 1718 2386 indigni.

315 2451 341 2499 ¹)
369 2451 477 2497 Soph.
503 2451 561 2486 El.
586 2453 664 2495 709,
689 2451 735 2486 of.
761 2451 829 2497 Ag.
855 2453 934 2496 230,
961 2450 1020 2486 or.
1048 2453 1150 2496 1650,
1178 2453 1279 2493 1056,
1303 2450 1384 2486 Hel.
1410 2452 1489 2486 703.

313 2509 342 2554 ²)
366 2509 502 2545 Phoen.
528 2511 605 2545 450.
634 2529 679 2536 -—
702 2509 730 2555 ³)
758 2509 816 2544 Ai.
842 2511 921 2554 610,
947 2509 1085 2545 Phoen.
1113 2511 1214 2545 1095,

313 2568 340 2611 ⁴)
365 2567 484 2604 Schol.
510 2567 569 2603 ad.
595 2567 681 2603 Hec.
707 2569 788 2603 574.
837 2566 883 2603 cf.
909 2567 996 2603 Eur.
1020 2566 1153 2614 fragm.
1179 2569 1259 2611 284,
1289 2579 1340 2603 vs.
1366 2569 1424 2602 24.

315 2626 344 2673 ε)
368 2626 500 2662 Troad.
529 2627 608 2671 834,
634 2626 715 2662 Hel.
740 2627 818 2671 308,
844 2626 954 2671 Hipp.
980 2627 1058 2661 229.
1090 2646 1133 2652 —-
1157 2626 1188 2670 θ)
1216 2625 1303 2661 Eur.
1332 2625 1389 2662 El.
1412 2627 1499 2662 528.

315 2685 343 2732 ⁷)
370 2685 505 2722 Phoen.
529 2687 608 2721 368.
634 2706 672 2711 -
703 2684 733 2731 ⁸)
757 2684 905 2732 Fragm.
931 2686 1010 2722 284.
1040 2705 1079 2711 -
1109 2685 1136 2729 ⁰)
1163 2685 1251 2721 Eur.
1277 2684 1335 2720 El.
1360 2685 1429 2722 862
1453 2695 1535 2734 sqq.
