<?xml version="1.0" encoding="UTF-8"?>
<!DOCTYPE html PUBLIC "-//W3C//DTD XHTML 1.0 Transitional//EN"
    "http://www.w3.org/TR/xhtml1/DTD/xhtml1-transitional.dtd">
<html xmlns="http://www.w3.org/1999/xhtml" xml:lang="en" lang="en">
 <head>
  <title>
</title>
<meta http-equiv="Content-Type" content="text/html;charset=utf-8" />
  <meta name='ocr-system' content='tesseract 3.04.00' />
  <meta name='ocr-capabilities' content='ocr_page ocr_carea ocr_par ocr_line ocrx_word'/>
</head>
<body>
  <div class='ocr_page' id='page_1' title='image "./detragicorumanac00striuoft_0033.png"; bbox 0 0 2080 3314; ppageno 0'>
   <div class='ocr_carea' id='block_1_1' title="bbox 959 349 1011 393">
    <p class='ocr_par' dir='ltr' id='par_1_1' title="bbox 959 349 1011 393">
     <span class='ocr_line' id='line_1_1' title="bbox 959 349 1011 393; baseline -0.019 0"><span class='ocrx_word' id='word_1_1' title='bbox 959 349 1011 393; x_wconf 88' lang='grc'>21</span> 
     </span>
    </p>
   </div>
   <div class='ocr_carea' id='block_1_2' title="bbox 259 473 1713 2293">
    <p class='ocr_par' dir='ltr' id='par_1_2' title="bbox 261 473 1713 1577">
     <span class='ocr_line' id='line_1_2' title="bbox 262 473 1712 536; baseline -0.006 -11"><span class='ocrx_word' id='word_1_2' title='bbox 262 481 382 526; x_wconf 88' lang='lat' dir='ltr'>cuius</span> <span class='ocrx_word' id='word_1_3' title='bbox 412 495 567 525; x_wconf 91' lang='lat' dir='ltr'>nomen</span> <span class='ocrx_word' id='word_1_4' title='bbox 585 476 776 534; x_wconf 79' lang='grc' dir='ltr'><em>ξενισμός</em></span> <span class='ocrx_word' id='word_1_5' title='bbox 804 478 832 533; x_wconf 85' lang='lat'>¹)</span> <span class='ocrx_word' id='word_1_6' title='bbox 867 494 962 522; x_wconf 90' lang='lat' dir='ltr'>cum</span> <span class='ocrx_word' id='word_1_7' title='bbox 994 477 1210 536; x_wconf 85' lang='lat' dir='ltr'>Euripidis</span> <span class='ocrx_word' id='word_1_8' title='bbox 1226 477 1356 521; x_wconf 83' lang='lat' dir='ltr'>verbo</span> <span class='ocrx_word' id='word_1_9' title='bbox 1372 477 1489 526; x_wconf 79' lang='grc' dir='ltr'><em>ξένια</em></span> <span class='ocrx_word' id='word_1_10' title='bbox 1505 473 1712 532; x_wconf 89' lang='lat' dir='ltr'>congruit,</span> 
     </span>
     <span class='ocr_line' id='line_1_3' title="bbox 262 562 1713 627; baseline -0.006 -13"><span class='ocrx_word' id='word_1_11' title='bbox 262 574 375 615; x_wconf 82' lang='lat' dir='ltr'>certe</span> <span class='ocrx_word' id='word_1_12' title='bbox 404 569 722 627; x_wconf 81' lang='lat' dir='ltr'>antiquissimae</span> <span class='ocrx_word' id='word_1_13' title='bbox 751 567 967 610; x_wconf 88' lang='lat' dir='ltr'>traditioni</span> <span class='ocrx_word' id='word_1_14' title='bbox 999 570 1222 624; x_wconf 76' lang='lat' dir='ltr'>repugnat,</span> <span class='ocrx_word' id='word_1_15' title='bbox 1254 580 1384 623; x_wconf 90' lang='lat' dir='ltr'>quum</span> <span class='ocrx_word' id='word_1_16' title='bbox 1416 565 1631 608; x_wconf 84' lang='lat' dir='ltr'>Homerus</span> <span class='ocrx_word' id='word_1_17' title='bbox 1661 562 1713 605; x_wconf 91' lang='lat' dir='ltr'>de</span> 
     </span>
     <span class='ocr_line' id='line_1_4' title="bbox 263 651 1711 710; baseline -0.005 -10"><span class='ocrx_word' id='word_1_18' title='bbox 263 657 480 701; x_wconf 86' lang='lat' dir='ltr'>Dioscuris</span> <span class='ocrx_word' id='word_1_19' title='bbox 521 657 632 699; x_wconf 88' lang='lat' dir='ltr'>inter</span> <span class='ocrx_word' id='word_1_20' title='bbox 678 655 777 698; x_wconf 91' lang='lat' dir='ltr'>deos</span> <span class='ocrx_word' id='word_1_21' title='bbox 823 655 1075 698; x_wconf 89' lang='lat' dir='ltr'>consecratis</span> <span class='ocrx_word' id='word_1_22' title='bbox 1106 654 1240 697; x_wconf 82' lang='lat' dir='ltr'>sileat.</span> <span class='ocrx_word' id='word_1_23' title='bbox 1303 652 1432 710; x_wconf 88' lang='lat' dir='ltr'>Apud</span> <span class='ocrx_word' id='word_1_24' title='bbox 1463 651 1711 708; x_wconf 88' lang='lat' dir='ltr'>Euripidem</span> 
     </span>
     <span class='ocr_line' id='line_1_5' title="bbox 261 740 1713 797; baseline -0.004 -9"><span class='ocrx_word' id='word_1_25' title='bbox 261 759 363 789; x_wconf 82' lang='lat' dir='ltr'>vero</span> <span class='ocrx_word' id='word_1_26' title='bbox 393 744 619 788; x_wconf 88' lang='lat' dir='ltr'>Dioscuros</span> <span class='ocrx_word' id='word_1_27' title='bbox 642 744 754 786; x_wconf 89' lang='lat' dir='ltr'>inter</span> <span class='ocrx_word' id='word_1_28' title='bbox 784 747 899 785; x_wconf 90' lang='lat' dir='ltr'>astra</span> <span class='ocrx_word' id='word_1_29' title='bbox 928 743 1083 785; x_wconf 84' lang='lat' dir='ltr'>relatos</span> <span class='ocrx_word' id='word_1_30' title='bbox 1105 741 1138 796; x_wconf 84' lang='lat'>²)</span> <span class='ocrx_word' id='word_1_31' title='bbox 1170 741 1311 784; x_wconf 89' lang='lat' dir='ltr'>nautis</span> <span class='ocrx_word' id='word_1_32' title='bbox 1327 741 1373 783; x_wconf 90' lang='lat' dir='ltr'>in</span> <span class='ocrx_word' id='word_1_33' title='bbox 1390 740 1586 783; x_wconf 90' lang='lat' dir='ltr'>fluctibus</span> <span class='ocrx_word' id='word_1_34' title='bbox 1602 740 1713 797; x_wconf 91' lang='lat' dir='ltr'>peri-</span> 
     </span>
     <span class='ocr_line' id='line_1_6' title="bbox 263 827 1711 887; baseline -0.004 -11"><span class='ocrx_word' id='word_1_35' title='bbox 263 833 520 887; x_wconf 88' lang='lat' dir='ltr'>clitantibus,</span> <span class='ocrx_word' id='word_1_36' title='bbox 561 831 692 874; x_wconf 87' lang='lat' dir='ltr'>maris</span> <span class='ocrx_word' id='word_1_37' title='bbox 733 835 853 874; x_wconf 88' lang='lat' dir='ltr'>aestu</span> <span class='ocrx_word' id='word_1_38' title='bbox 893 830 1050 885; x_wconf 90' lang='lat' dir='ltr'>sedato,</span> <span class='ocrx_word' id='word_1_39' title='bbox 1088 830 1294 872; x_wconf 89' lang='lat' dir='ltr'>salutares</span> <span class='ocrx_word' id='word_1_40' title='bbox 1315 828 1363 884; x_wconf 83' lang='lat'>³),</span> <span class='ocrx_word' id='word_1_41' title='bbox 1396 828 1450 871; x_wconf 90' lang='lat' dir='ltr'>ab</span> <span class='ocrx_word' id='word_1_42' title='bbox 1480 828 1582 871; x_wconf 85' lang='lat' dir='ltr'>Iove</span> <span class='ocrx_word' id='word_1_43' title='bbox 1612 827 1711 871; x_wconf 91' lang='lat' dir='ltr'>deos</span> 
     </span>
     <span class='ocr_line' id='line_1_7' title="bbox 261 916 1713 975; baseline -0.003 -12"><span class='ocrx_word' id='word_1_44' title='bbox 261 920 392 964; x_wconf 84' lang='lat' dir='ltr'>factos</span> <span class='ocrx_word' id='word_1_45' title='bbox 411 917 459 974; x_wconf 75' lang='lat'>⁴),</span> <span class='ocrx_word' id='word_1_46' title='bbox 490 919 537 962; x_wconf 93' lang='lat' dir='ltr'>in</span> <span class='ocrx_word' id='word_1_47' title='bbox 567 919 681 962; x_wconf 93' lang='lat' dir='ltr'>coelo</span> <span class='ocrx_word' id='word_1_48' title='bbox 711 918 914 975; x_wconf 88' lang='lat' dir='ltr'>degentes</span> <span class='ocrx_word' id='word_1_49' title='bbox 944 917 1139 960; x_wconf 88' lang='lat' dir='ltr'>audimus</span> <span class='ocrx_word' id='word_1_50' title='bbox 1158 916 1207 972; x_wconf 88' lang='lat'>⁵).</span> <span class='ocrx_word' id='word_1_51' title='bbox 1239 916 1453 960; x_wconf 90' lang='lat' dir='ltr'>Homerus</span> <span class='ocrx_word' id='word_1_52' title='bbox 1480 920 1627 959; x_wconf 90' lang='lat' dir='ltr'>contra</span> <span class='ocrx_word' id='word_1_53' title='bbox 1642 931 1713 959; x_wconf 88' lang='lat' dir='ltr'>eos</span> 
     </span>
     <span class='ocr_line' id='line_1_8' title="bbox 261 1003 1710 1063; baseline -0.004 -11"><span class='ocrx_word' id='word_1_54' title='bbox 261 1012 449 1052; x_wconf 88' lang='lat' dir='ltr'>mortuos</span> <span class='ocrx_word' id='word_1_55' title='bbox 501 1011 543 1051; x_wconf 91' lang='lat' dir='ltr'>et</span> <span class='ocrx_word' id='word_1_56' title='bbox 597 1007 643 1049; x_wconf 92' lang='lat' dir='ltr'>in</span> <span class='ocrx_word' id='word_1_57' title='bbox 690 1006 1029 1050; x_wconf 89' lang='lat' dir='ltr'>Lacedaemonia</span> <span class='ocrx_word' id='word_1_58' title='bbox 1074 1007 1260 1063; x_wconf 88' lang='lat' dir='ltr'>sepultos</span> <span class='ocrx_word' id='word_1_59' title='bbox 1307 1020 1397 1048; x_wconf 90' lang='lat' dir='ltr'>esse</span> <span class='ocrx_word' id='word_1_60' title='bbox 1443 1005 1629 1048; x_wconf 88' lang='lat' dir='ltr'>affirmat</span> <span class='ocrx_word' id='word_1_61' title='bbox 1663 1003 1710 1058; x_wconf 83' lang='lat'>⁶).</span> 
     </span>
     <span class='ocr_line' id='line_1_9' title="bbox 263 1092 1712 1152; baseline -0.003 -12"><span class='ocrx_word' id='word_1_62' title='bbox 263 1095 504 1152; x_wconf 84' lang='lat' dir='ltr'>Utramque</span> <span class='ocrx_word' id='word_1_63' title='bbox 535 1095 737 1149; x_wconf 88' lang='lat' dir='ltr'>fabulam,</span> <span class='ocrx_word' id='word_1_64' title='bbox 757 1094 859 1136; x_wconf 87' lang='lat' dir='ltr'>artis</span> <span class='ocrx_word' id='word_1_65' title='bbox 876 1094 1044 1137; x_wconf 80' lang='lat' dir='ltr'>criticae</span> <span class='ocrx_word' id='word_1_66' title='bbox 1061 1094 1198 1150; x_wconf 88' lang='lat' dir='ltr'>magis</span> <span class='ocrx_word' id='word_1_67' title='bbox 1215 1108 1342 1150; x_wconf 89' lang='lat' dir='ltr'>quam</span> <span class='ocrx_word' id='word_1_68' title='bbox 1359 1107 1532 1150; x_wconf 84' lang='lat' dir='ltr'>poeseos</span> <span class='ocrx_word' id='word_1_69' title='bbox 1548 1092 1712 1135; x_wconf 88' lang='lat' dir='ltr'>ratione</span> 
     </span>
     <span class='ocr_line' id='line_1_10' title="bbox 263 1179 1712 1240; baseline -0.003 -13"><span class='ocrx_word' id='word_1_70' title='bbox 263 1183 469 1238; x_wconf 85' lang='lat' dir='ltr'>adhibita,</span> <span class='ocrx_word' id='word_1_71' title='bbox 511 1181 737 1240; x_wconf 74' lang='lat' dir='ltr'>Euripides</span> <span class='ocrx_word' id='word_1_72' title='bbox 767 1186 974 1225; x_wconf 90' lang='lat' dir='ltr'>memorat</span> <span class='ocrx_word' id='word_1_73' title='bbox 992 1180 1038 1236; x_wconf 80' lang='lat'>⁷).</span> <span class='ocrx_word' id='word_1_74' title='bbox 1072 1181 1267 1224; x_wconf 89' lang='lat' dir='ltr'>Helenae</span> <span class='ocrx_word' id='word_1_75' title='bbox 1297 1180 1412 1224; x_wconf 91' lang='lat' dir='ltr'>enim</span> <span class='ocrx_word' id='word_1_76' title='bbox 1442 1180 1495 1223; x_wconf 89' lang='lat' dir='ltr'>de</span> <span class='ocrx_word' id='word_1_77' title='bbox 1511 1179 1712 1223; x_wconf 89' lang='lat' dir='ltr'>fratribus</span> 
     </span>
     <span class='ocr_line' id='line_1_11' title="bbox 262 1256 1713 1328; baseline -0.003 -14"><span class='ocrx_word' id='word_1_78' title='bbox 262 1271 475 1314; x_wconf 85' lang='lat' dir='ltr'>Teucrum</span> <span class='ocrx_word' id='word_1_79' title='bbox 501 1270 766 1328; x_wconf 84' lang='lat' dir='ltr'>percontanti</span> <span class='ocrx_word' id='word_1_80' title='bbox 782 1269 852 1312; x_wconf 91' lang='lat' dir='ltr'>hic</span> <span class='ocrx_word' id='word_1_81' title='bbox 867 1256 1104 1327; x_wconf 88' lang='lat' dir='ltr'>respondit:</span> <span class='ocrx_word' id='word_1_82' title='bbox 1128 1269 1312 1324; x_wconf 86' lang='lat' dir='ltr'>„Mortui</span> <span class='ocrx_word' id='word_1_83' title='bbox 1328 1271 1427 1310; x_wconf 88' lang='lat' dir='ltr'>sunt</span> <span class='ocrx_word' id='word_1_84' title='bbox 1442 1271 1485 1311; x_wconf 90' lang='lat' dir='ltr'>et</span> <span class='ocrx_word' id='word_1_85' title='bbox 1501 1282 1587 1311; x_wconf 92' lang='lat' dir='ltr'>non</span> <span class='ocrx_word' id='word_1_86' title='bbox 1602 1282 1713 1311; x_wconf 91' lang='lat' dir='ltr'>mor-</span> 
     </span>
     <span class='ocr_line' id='line_1_12' title="bbox 261 1356 1712 1416; baseline -0.002 -15"><span class='ocrx_word' id='word_1_87' title='bbox 261 1359 349 1415; x_wconf 81' lang='lat' dir='ltr'>tui3</span> <span class='ocrx_word' id='word_1_88' title='bbox 379 1358 540 1416; x_wconf 86' lang='lat' dir='ltr'>duplex</span> <span class='ocrx_word' id='word_1_89' title='bbox 571 1357 685 1401; x_wconf 89' lang='lat' dir='ltr'>enim</span> <span class='ocrx_word' id='word_1_90' title='bbox 715 1362 779 1401; x_wconf 91' lang='lat' dir='ltr'>est</span> <span class='ocrx_word' id='word_1_91' title='bbox 809 1358 924 1401; x_wconf 89' lang='lat' dir='ltr'>fama</span> <span class='ocrx_word' id='word_1_92' title='bbox 952 1357 1159 1415; x_wconf 88' lang='lat' dir='ltr'>siquidem</span> <span class='ocrx_word' id='word_1_93' title='bbox 1177 1361 1251 1400; x_wconf 90' lang='lat' dir='ltr'>aut</span> <span class='ocrx_word' id='word_1_94' title='bbox 1272 1357 1396 1400; x_wconf 87' lang='lat' dir='ltr'>astris</span> <span class='ocrx_word' id='word_1_95' title='bbox 1412 1356 1557 1400; x_wconf 84' lang='lat' dir='ltr'>dicunt</span> <span class='ocrx_word' id='word_1_96' title='bbox 1572 1356 1712 1400; x_wconf 86' lang='lat' dir='ltr'>illatos</span> 
     </span>
     <span class='ocr_line' id='line_1_13' title="bbox 263 1445 1711 1502; baseline -0.002 -13"><span class='ocrx_word' id='word_1_97' title='bbox 263 1459 354 1489; x_wconf 86' lang='lat' dir='ltr'>esse</span> <span class='ocrx_word' id='word_1_98' title='bbox 384 1445 567 1502; x_wconf 90' lang='lat' dir='ltr'>deosque</span> <span class='ocrx_word' id='word_1_99' title='bbox 597 1445 740 1501; x_wconf 83' lang='lat' dir='ltr'>factos,</span> <span class='ocrx_word' id='word_1_100' title='bbox 774 1449 848 1488; x_wconf 90' lang='lat' dir='ltr'>aut</span> <span class='ocrx_word' id='word_1_101' title='bbox 878 1459 955 1488; x_wconf 89' lang='lat' dir='ltr'>sua</span> <span class='ocrx_word' id='word_1_102' title='bbox 985 1445 1066 1488; x_wconf 88' lang='lat' dir='ltr'>sibi</span> <span class='ocrx_word' id='word_1_103' title='bbox 1096 1459 1228 1488; x_wconf 92' lang='lat' dir='ltr'>manu</span> <span class='ocrx_word' id='word_1_104' title='bbox 1258 1445 1312 1488; x_wconf 92' lang='lat' dir='ltr'>ob</span> <span class='ocrx_word' id='word_1_105' title='bbox 1329 1458 1514 1488; x_wconf 90' lang='lat' dir='ltr'>sororem</span> <span class='ocrx_word' id='word_1_106' title='bbox 1530 1447 1711 1487; x_wconf 87' lang='lat' dir='ltr'>mortem</span> 
     </span>
     <span class='ocr_line' id='line_1_14' title="bbox 262 1515 527 1577; baseline -0.008 0"><span class='ocrx_word' id='word_1_107' title='bbox 262 1515 527 1577; x_wconf 84' lang='lat' dir='ltr'>conscivisse.</span> 
     </span>
    </p>

    <p class='ocr_par' dir='ltr' id='par_1_3' title="bbox 259 1619 1712 2293">
     <span class='ocr_line' id='line_1_15' title="bbox 319 1619 1711 1678; baseline -0.001 -14"><span class='ocrx_word' id='word_1_108' title='bbox 319 1620 516 1664; x_wconf 82' lang='lat' dir='ltr'>Fuerunt</span> <span class='ocrx_word' id='word_1_109' title='bbox 563 1620 676 1678; x_wconf 90' lang='lat' dir='ltr'>apud</span> <span class='ocrx_word' id='word_1_110' title='bbox 723 1620 907 1665; x_wconf 79' lang='lat' dir='ltr'>Graecos</span> <span class='ocrx_word' id='word_1_111' title='bbox 953 1621 1142 1678; x_wconf 85' lang='lat' dir='ltr'>collegia,</span> <span class='ocrx_word' id='word_1_112' title='bbox 1190 1635 1370 1678; x_wconf 91' lang='lat' dir='ltr'>quorum</span> <span class='ocrx_word' id='word_1_113' title='bbox 1401 1620 1502 1664; x_wconf 89' lang='lat' dir='ltr'>socii</span> <span class='ocrx_word' id='word_1_114' title='bbox 1532 1619 1711 1677; x_wconf 90' lang='lat' dir='ltr'>singulis</span> 
     </span>
     <span class='ocr_line' id='line_1_16' title="bbox 260 1705 1711 1765; baseline -0.001 -13"><span class='ocrx_word' id='word_1_115' title='bbox 260 1708 478 1752; x_wconf 90' lang='lat' dir='ltr'>mensibus</span> <span class='ocrx_word' id='word_1_116' title='bbox 504 1712 619 1751; x_wconf 89' lang='lat' dir='ltr'>certa</span> <span class='ocrx_word' id='word_1_117' title='bbox 648 1707 716 1751; x_wconf 83' lang='lat' dir='ltr'>die</span> <span class='ocrx_word' id='word_1_118' title='bbox 747 1709 855 1751; x_wconf 87' lang='lat' dir='ltr'>festa</span> <span class='ocrx_word' id='word_1_119' title='bbox 885 1712 1064 1765; x_wconf 88' lang='lat' dir='ltr'>agerent</span> <span class='ocrx_word' id='word_1_120' title='bbox 1093 1705 1301 1765; x_wconf 79' lang='grc' dir='ltr'><strong><em>ἐπιμήνια</em></strong></span> <span class='ocrx_word' id='word_1_121' title='bbox 1331 1708 1456 1750; x_wconf 89' lang='lat' dir='ltr'>dicta.</span> <span class='ocrx_word' id='word_1_122' title='bbox 1488 1707 1711 1750; x_wconf 88' lang='lat' dir='ltr'>Nonnum-</span> 
     </span>
     <span class='ocr_line' id='line_1_17' title="bbox 259 1796 1712 1854; baseline -0.001 -14"><span class='ocrx_word' id='word_1_123' title='bbox 259 1810 387 1854; x_wconf 87' lang='lat' dir='ltr'>quam</span> <span class='ocrx_word' id='word_1_124' title='bbox 417 1796 614 1839; x_wconf 89' lang='lat' dir='ltr'>instituta</span> <span class='ocrx_word' id='word_1_125' title='bbox 643 1801 766 1840; x_wconf 90' lang='lat' dir='ltr'>erant</span> <span class='ocrx_word' id='word_1_126' title='bbox 795 1797 840 1839; x_wconf 90' lang='lat' dir='ltr'>in</span> <span class='ocrx_word' id='word_1_127' title='bbox 870 1797 1058 1840; x_wconf 86' lang='lat' dir='ltr'>defuncti</span> <span class='ocrx_word' id='word_1_128' title='bbox 1089 1797 1306 1840; x_wconf 87' lang='lat' dir='ltr'>cuiusdam</span> <span class='ocrx_word' id='word_1_129' title='bbox 1337 1796 1541 1840; x_wconf 88' lang='lat' dir='ltr'>honorem</span> <span class='ocrx_word' id='word_1_130' title='bbox 1579 1799 1628 1838; x_wconf 90' lang='lat' dir='ltr'>ut</span> <span class='ocrx_word' id='word_1_131' title='bbox 1658 1796 1712 1839; x_wconf 93' lang='lat' dir='ltr'>ab</span> 
     </span>
     <span class='ocr_line' id='line_1_18' title="bbox 259 1883 1712 1943; baseline -0.001 -16"><span class='ocrx_word' id='word_1_132' title='bbox 259 1883 480 1943; x_wconf 83' lang='lat' dir='ltr'>Epicureis</span> <span class='ocrx_word' id='word_1_133' title='bbox 501 1884 548 1940; x_wconf 79' lang='lat'>⁸),</span> <span class='ocrx_word' id='word_1_134' title='bbox 596 1885 669 1942; x_wconf 89' lang='lat' dir='ltr'>qui</span> <span class='ocrx_word' id='word_1_135' title='bbox 715 1885 965 1928; x_wconf 86' lang='lat' dir='ltr'>vicesimum</span> <span class='ocrx_word' id='word_1_136' title='bbox 997 1885 1109 1928; x_wconf 92' lang='lat' dir='ltr'>diem</span> <span class='ocrx_word' id='word_1_137' title='bbox 1141 1885 1418 1939; x_wconf 86' lang='lat' dir='ltr'>Gamelionis,</span> <span class='ocrx_word' id='word_1_138' title='bbox 1450 1898 1532 1941; x_wconf 90' lang='lat' dir='ltr'>quo</span> <span class='ocrx_word' id='word_1_139' title='bbox 1569 1884 1712 1941; x_wconf 88' lang='lat' dir='ltr'>gregis</span> 
     </span>
     <span class='ocr_line' id='line_1_19' title="bbox 259 1971 1711 2028; baseline -0.001 -13"><span class='ocrx_word' id='word_1_140' title='bbox 259 1972 349 2015; x_wconf 85' lang='lat' dir='ltr'>dux</span> <span class='ocrx_word' id='word_1_141' title='bbox 383 1972 474 2015; x_wconf 83' lang='lat' dir='ltr'>vita</span> <span class='ocrx_word' id='word_1_142' title='bbox 512 1977 764 2028; x_wconf 83' lang='lat' dir='ltr'>excesserat,</span> <span class='ocrx_word' id='word_1_143' title='bbox 806 1973 1150 2016; x_wconf 86' lang='lat' dir='ltr'>recordabantur.</span> <span class='ocrx_word' id='word_1_144' title='bbox 1189 1972 1313 2015; x_wconf 85' lang='lat' dir='ltr'>Talia</span> <span class='ocrx_word' id='word_1_145' title='bbox 1343 1973 1464 2027; x_wconf 88' lang='lat' dir='ltr'>festa,</span> <span class='ocrx_word' id='word_1_146' title='bbox 1496 1971 1561 2014; x_wconf 88' lang='lat' dir='ltr'>dis</span> <span class='ocrx_word' id='word_1_147' title='bbox 1591 1986 1711 2015; x_wconf 86' lang='lat' dir='ltr'>aver-</span> 
     </span>
     <span class='ocr_line' id='line_1_20' title="bbox 260 2058 1711 2117; baseline 0 -16"><span class='ocrx_word' id='word_1_148' title='bbox 260 2058 402 2102; x_wconf 86' lang='lat' dir='ltr'>runcis</span> <span class='ocrx_word' id='word_1_149' title='bbox 432 2063 607 2115; x_wconf 87' lang='lat' dir='ltr'>sacrata,</span> <span class='ocrx_word' id='word_1_150' title='bbox 642 2060 695 2103; x_wconf 92' lang='lat' dir='ltr'>ob</span> <span class='ocrx_word' id='word_1_151' title='bbox 726 2060 897 2103; x_wconf 91' lang='lat' dir='ltr'>caedem</span> <span class='ocrx_word' id='word_1_152' title='bbox 927 2059 1266 2117; x_wconf 87' lang='lat' dir='ltr'>Agamemnonis</span> <span class='ocrx_word' id='word_1_153' title='bbox 1306 2060 1484 2103; x_wconf 87' lang='lat' dir='ltr'>feliciter</span> <span class='ocrx_word' id='word_1_154' title='bbox 1499 2062 1711 2117; x_wconf 89' lang='lat' dir='ltr'>patratam</span> 
     </span>
     <span class='ocr_line' id='line_1_21' title="bbox 261 2145 1710 2206; baseline 0.001 -17"><span class='ocrx_word' id='word_1_155' title='bbox 261 2161 288 2189; x_wconf 86' lang='lat' dir='ltr'>a</span> <span class='ocrx_word' id='word_1_156' title='bbox 318 2145 671 2203; x_wconf 83' lang='lat' dir='ltr'>Clytaemnestra,</span> <span class='ocrx_word' id='word_1_157' title='bbox 714 2148 910 2191; x_wconf 88' lang='lat' dir='ltr'>instituta</span> <span class='ocrx_word' id='word_1_158' title='bbox 957 2149 1246 2206; x_wconf 89' lang='lat' dir='ltr'>„epularum</span> <span class='ocrx_word' id='word_1_159' title='bbox 1277 2147 1710 2204; x_wconf 89' lang='lat' dir='ltr'>Agamemnonis”</span> 
     </span>
     <span class='ocr_line' id='line_1_22' title="bbox 260 2233 1712 2293; baseline 0.002 -17"><span class='ocrx_word' id='word_1_160' title='bbox 260 2233 432 2277; x_wconf 90' lang='lat' dir='ltr'>nomine</span> <span class='ocrx_word' id='word_1_161' title='bbox 470 2234 714 2278; x_wconf 84' lang='lat' dir='ltr'>invenimus</span> <span class='ocrx_word' id='word_1_162' title='bbox 754 2236 867 2293; x_wconf 91' lang='lat' dir='ltr'>apud</span> <span class='ocrx_word' id='word_1_163' title='bbox 911 2235 1162 2293; x_wconf 84' lang='lat' dir='ltr'>Sophoclem</span> <span class='ocrx_word' id='word_1_164' title='bbox 1184 2235 1231 2290; x_wconf 79' lang='lat'>⁹).</span> <span class='ocrx_word' id='word_1_165' title='bbox 1270 2235 1364 2278; x_wconf 90' lang='lat' dir='ltr'>Iam</span> <span class='ocrx_word' id='word_1_166' title='bbox 1395 2249 1497 2278; x_wconf 87' lang='lat' dir='ltr'>vero</span> <span class='ocrx_word' id='word_1_167' title='bbox 1527 2233 1712 2291; x_wconf 86' lang='lat' dir='ltr'>Argivo-</span> 
     </span>
    </p>
   </div>
   <div class='ocr_carea' id='block_1_3' title="bbox 259 2321 1711 2380">
    <p class='ocr_par' dir='ltr' id='par_1_4' title="bbox 259 2321 1711 2380">
     <span class='ocr_line' id='line_1_23' title="bbox 259 2321 1711 2380; baseline 0.001 -16"><span class='ocrx_word' id='word_1_168' title='bbox 259 2336 355 2365; x_wconf 85' lang='lat' dir='ltr'>rum</span> <span class='ocrx_word' id='word_1_169' title='bbox 372 2321 616 2380; x_wconf 86' lang='lat' dir='ltr'>chronologi</span> <span class='ocrx_word' id='word_1_170' title='bbox 632 2322 970 2380; x_wconf 88' lang='lat' dir='ltr'>Agamemnonis</span> <span class='ocrx_word' id='word_1_171' title='bbox 986 2324 1099 2368; x_wconf 90' lang='lat' dir='ltr'>diem</span> <span class='ocrx_word' id='word_1_172' title='bbox 1115 2324 1331 2367; x_wconf 83' lang='lat' dir='ltr'>funestum</span> <span class='ocrx_word' id='word_1_173' title='bbox 1349 2322 1611 2366; x_wconf 82' lang='lat' dir='ltr'>Gamelionis</span> <span class='ocrx_word' id='word_1_174' title='bbox 1627 2326 1711 2367; x_wconf 89' lang='lat' dir='ltr'>ter-</span> 
     </span>
    </p>
   </div>
   <div class='ocr_carea' id='block_1_4' title="bbox 267 2434 543 2443">
    <p class='ocr_par' dir='ltr' id='par_1_5' title="bbox 267 2434 543 2443">
     <span class='ocr_line' id='line_1_24' title="bbox 267 2434 543 2443; baseline 0 0"><span class='ocrx_word' id='word_1_175' title='bbox 267 2434 543 2443; x_wconf 95' lang='lat' dir='ltr'> </span> 
     </span>
    </p>
   </div>
   <div class='ocr_carea' id='block_1_5' title="bbox 307 2493 1687 2719">
    <p class='ocr_par' dir='ltr' id='par_1_6' title="bbox 307 2493 1370 2541">
     <span class='ocr_line' id='line_1_25' title="bbox 307 2493 1370 2541; baseline -0.001 -11"><span class='ocrx_word' id='word_1_176' title='bbox 307 2493 337 2541; x_wconf 84' lang='lat'>¹)</span> <span class='ocrx_word' id='word_1_177' title='bbox 366 2493 420 2530; x_wconf 80' lang='lat' dir='ltr'>Of.</span> <span class='ocrx_word' id='word_1_178' title='bbox 444 2493 565 2530; x_wconf 89' lang='lat' dir='ltr'>Schol.</span> <span class='ocrx_word' id='word_1_179' title='bbox 597 2493 645 2530; x_wconf 86' lang='lat' dir='ltr'>ad</span> <span class='ocrx_word' id='word_1_180' title='bbox 669 2494 774 2530; x_wconf 89' lang='lat' dir='ltr'>Pind.</span> <span class='ocrx_word' id='word_1_181' title='bbox 801 2494 855 2530; x_wconf 90' lang='lat' dir='ltr'>Ol.</span> <span class='ocrx_word' id='word_1_182' title='bbox 882 2494 947 2539; x_wconf 92' lang='lat'>111,</span> <span class='ocrx_word' id='word_1_183' title='bbox 971 2496 1028 2530; x_wconf 90' lang='lat'>41.</span> <span class='ocrx_word' id='word_1_184' title='bbox 1059 2514 1100 2521; x_wconf 87' lang='lat'><strong>—</strong></span> <span class='ocrx_word' id='word_1_185' title='bbox 1127 2494 1155 2541; x_wconf 80' lang='lat'>²)</span> <span class='ocrx_word' id='word_1_186' title='bbox 1183 2494 1264 2530; x_wconf 87' lang='lat' dir='ltr'>Hel.</span> <span class='ocrx_word' id='word_1_187' title='bbox 1292 2495 1370 2530; x_wconf 89' lang='grc'><strong>140.</strong></span> 
     </span>
    </p>

    <p class='ocr_par' dir='ltr' id='par_1_7' title="bbox 309 2551 1340 2599">
     <span class='ocr_line' id='line_1_26' title="bbox 309 2551 1340 2599; baseline -0.001 -11"><span class='ocrx_word' id='word_1_188' title='bbox 309 2551 337 2595; x_wconf 80' lang='lat'>⁸)</span> <span class='ocrx_word' id='word_1_189' title='bbox 361 2552 425 2588; x_wconf 78' lang='lat' dir='ltr'>El.</span> <span class='ocrx_word' id='word_1_190' title='bbox 445 2553 526 2598; x_wconf 84' lang='lat'>994,</span> <span class='ocrx_word' id='word_1_191' title='bbox 556 2552 616 2589; x_wconf 87' lang='lat' dir='ltr'>Or.</span> <span class='ocrx_word' id='word_1_192' title='bbox 646 2554 746 2596; x_wconf 89' lang='lat'>1636,</span> <span class='ocrx_word' id='word_1_193' title='bbox 768 2552 849 2588; x_wconf 85' lang='lat' dir='ltr'>Hel.</span> <span class='ocrx_word' id='word_1_194' title='bbox 877 2554 978 2589; x_wconf 83' lang='lat'>1504.</span> <span class='ocrx_word' id='word_1_195' title='bbox 1004 2573 1049 2579; x_wconf 95' lang='lat'>—-</span> <span class='ocrx_word' id='word_1_196' title='bbox 1078 2553 1107 2599; x_wconf 90' lang='lat'>⁴)</span> <span class='ocrx_word' id='word_1_197' title='bbox 1132 2553 1212 2592; x_wconf 84' lang='lat' dir='ltr'>Hel.</span> <span class='ocrx_word' id='word_1_198' title='bbox 1240 2554 1340 2589; x_wconf 87' lang='lat'>1659.</span> 
     </span>
    </p>

    <p class='ocr_par' dir='ltr' id='par_1_8' title="bbox 307 2610 1687 2719">
     <span class='ocr_line' id='line_1_27' title="bbox 307 2610 1633 2657; baseline 0 -11"><span class='ocrx_word' id='word_1_199' title='bbox 307 2610 335 2654; x_wconf 66' lang='grc' dir='ltr'>ι)</span> <span class='ocrx_word' id='word_1_200' title='bbox 362 2610 390 2646; x_wconf 92' lang='grc' dir='ltr'>Ι.</span> <span class='ocrx_word' id='word_1_201' title='bbox 415 2610 459 2647; x_wconf 89' lang='lat' dir='ltr'>A.</span> <span class='ocrx_word' id='word_1_202' title='bbox 487 2613 567 2653; x_wconf 91' lang='grc'><strong>768,</strong></span> <span class='ocrx_word' id='word_1_203' title='bbox 593 2610 672 2647; x_wconf 84' lang='lat' dir='ltr'>Hel.</span> <span class='ocrx_word' id='word_1_204' title='bbox 703 2613 802 2647; x_wconf 86' lang='lat'>1499.</span> <span class='ocrx_word' id='word_1_205' title='bbox 834 2630 876 2637; x_wconf 95' lang='lat'>—</span> <span class='ocrx_word' id='word_1_206' title='bbox 910 2610 939 2657; x_wconf 81' lang='lat'>⁶)</span> <span class='ocrx_word' id='word_1_207' title='bbox 964 2611 1006 2646; x_wconf 92' lang='lat' dir='ltr'>Il.</span> <span class='ocrx_word' id='word_1_208' title='bbox 1032 2611 1097 2656; x_wconf 93' lang='grc' dir='ltr'><strong>ΙΙΙ,</strong></span> <span class='ocrx_word' id='word_1_209' title='bbox 1121 2612 1202 2649; x_wconf 87' lang='grc'><strong>244.</strong></span> <span class='ocrx_word' id='word_1_210' title='bbox 1225 2631 1273 2638; x_wconf 89' lang='lat'>—-</span> <span class='ocrx_word' id='word_1_211' title='bbox 1296 2610 1324 2654; x_wconf 89' lang='grc'>7)</span> <span class='ocrx_word' id='word_1_212' title='bbox 1350 2611 1431 2647; x_wconf 88' lang='lat' dir='ltr'>Hel.</span> <span class='ocrx_word' id='word_1_213' title='bbox 1458 2613 1525 2647; x_wconf 74' lang='lat'>138</span> <span class='ocrx_word' id='word_1_214' title='bbox 1552 2620 1633 2657; x_wconf 86' lang='lat' dir='ltr'>sqq.</span> 
     </span>
     <span class='ocr_line' id='line_1_28' title="bbox 308 2669 1687 2719; baseline -0.001 -13"><span class='ocrx_word' id='word_1_215' title='bbox 308 2669 338 2717; x_wconf 82' lang='lat'>⁸)</span> <span class='ocrx_word' id='word_1_216' title='bbox 365 2669 420 2707; x_wconf 79' lang='lat' dir='ltr'>De</span> <span class='ocrx_word' id='word_1_217' title='bbox 447 2674 670 2715; x_wconf 64' lang='grc' dir='ltr'><em>εἷκαδιστῶμ</em></span> <span class='ocrx_word' id='word_1_218' title='bbox 693 2669 846 2719; x_wconf 85' lang='lat' dir='ltr'>collegio</span> <span class='ocrx_word' id='word_1_219' title='bbox 871 2670 956 2709; x_wconf 79' lang='lat' dir='ltr'>vide</span> <span class='ocrx_word' id='word_1_220' title='bbox 979 2669 1069 2706; x_wconf 83' lang='lat' dir='ltr'>Ath.</span> <span class='ocrx_word' id='word_1_221' title='bbox 1094 2670 1174 2717; x_wconf 81' lang='lat' dir='ltr'>VII,</span> <span class='ocrx_word' id='word_1_222' title='bbox 1198 2672 1279 2707; x_wconf 82' lang='lat'>298.</span> <span class='ocrx_word' id='word_1_223' title='bbox 1303 2690 1348 2697; x_wconf 80' lang='lat'>-—-</span> <span class='ocrx_word' id='word_1_224' title='bbox 1375 2669 1403 2715; x_wconf 80' lang='lat'>⁹)</span> <span class='ocrx_word' id='word_1_225' title='bbox 1429 2669 1487 2706; x_wconf 88' lang='lat' dir='ltr'>El.</span> <span class='ocrx_word' id='word_1_226' title='bbox 1513 2671 1582 2707; x_wconf 88' lang='grc'>280</span> <span class='ocrx_word' id='word_1_227' title='bbox 1608 2680 1687 2718; x_wconf 82' lang='lat' dir='ltr'>sqq.</span> 
     </span>
    </p>
   </div>
  </div>
 </body>
</html>
