2080 3314
969 348 1020 390 13

252 526 254 529 ,
269 482 325 526 tis
334 481 468 524 vitam
479 478 777 536 deprecantem
790 474 986 517 atrociter
996 472 1121 515 hasta
1129 469 1378 529 transfigitl)
1386 476 1429 516 et
1440 472 1720 530 quotiescum-

270 582 353 627 que
367 567 517 611 herocs
527 562 754 618 *Homerici
771 560 948 619 captivis
965 562 1144 618 parcunt
1160 558 1204 601 id
1219 558 1380 602 faciunt
1390 573 1476 603 non
1489 559 1723 602 misericor-

269 655 341 698 dia
354 653 429 698 sed
444 652 551 696 lucri
568 651 706 694 studio
721 649 849 704 ducti,
868 651 1086 706 sperantes
1103 646 1191 690 fore
1207 650 1256 689 ut
1272 661 1343 690 eos
1358 647 1496 705 pretio
1510 646 1723 690 redimant

267 740 494 800 propinqui
510 738 560 795 2),
588 737 699 796 quod
724 737 807 780 nisi
833 737 881 779 fit
910 735 1023 778 servi
1049 735 1095 777 in
1115 738 1299 778 remotas
1315 738 1451 778 terras
1467 738 1656 778 veneunt
1674 733 1720 790 ³).

326 828 578 874 Posterioris
624 826 775 870 aetatis
820 838 982 868 morem
1027 827 1076 866 ut
1122 823 1456 867 laudatione
1497 823 1722 866 funebri

267 917 314 960 in
353 917 443 960 acie
485 915 596 959 caesi
625 914 886 957 honorentur
928 911 1155 968 Euripides
1187 911 1381 954 heroicae
1413 911 1544 954 aetati
1573 911 1724 953 tribuit

266 1005 314 1048 in
354 1004 602 1062 Supplicum
643 1002 800 1056 fabula,
843 1000 954 1057 quod
996 999 1227 1056 Dionysius
1242 999 1279 1054 4)
1321 1000 1472 1042 merito
1493 1000 1721 1056 vituperat,

269 1093 499 1136 observans
529 1091 739 1134 orationes
770 1089 971 1131 funebres
1003 1087 1056 1130 ab
1086 1087 1286 1130 heroibus
1315 1087 1485 1130 habitas
1505 1087 1722 1130 neminem

267 1179 491 1223 tradidisse
520 1170 690 1236 praeter
718 1176 899 1233 tragicos
929 1174 1231 1218 Athenienses.
1264 1174 1481 1224 Quantum
1511 1189 1613 1217 vero
1643 1173 1722 1216 hoc

269 1267 359 1311 loco
376 1265 410 1321 ⁵)
451 1269 577 1324 poeta
623 1279 746 1307 suum
792 1264 924 1321 ipsius
971 1267 1138 1320 tempus
1186 1262 1383 1320 respiciat
1414 1277 1470 1306 ex
1499 1262 1601 1320 ipsis
1631 1262 1721 1304 lau-

269 1353 392 1397 dibus
409 1356 597 1411 apparet.
615 1352 657 1394 N
660 1366 714 1395 on
731 1351 845 1394 enim
861 1351 960 1394 illae
977 1355 1075 1392 sunt
1092 1350 1238 1392 laudes
1255 1350 1432 1393 fortibus
1444 1349 1722 1393 bellatoribus

268 1441 343 1484 sed
381 1440 684 1500 democraticae
724 1439 907 1482 civitatis
948 1438 1070 1481 sociis
1114 1438 1400 1495 dignissimae.
1462 1437 1595 1480 Dives
1641 1435 1722 1479 Oa-

267 1544 430 1588 paneus
459 1529 688 1572 insolentia
717 1529 901 1583 carebat,
933 1527 1146 1570 modestus
1176 1530 1219 1569 et
1249 1526 1412 1569 sobrius
1442 1529 1490 1568 ut
1520 1525 1586 1568 vir
1617 1540 1720 1583 pau-

267 1631 358 1675 per,
399 1617 535 1661 fidelis
563 1617 611 1660 in
651 1617 820 1671 amicos,
862 1616 976 1658 cives
1007 1619 1050 1658 et
1079 1629 1235 1658 servos.
1267 1614 1439 1671 Pauper
1470 1618 1563 1657 erat
1593 1613 1720 1656 Eteo-

268 1706 352 1749 cles
397 1705 472 1749 sed
526 1705 647 1748 donis
692 1704 898 1747 invictum
946 1703 1137 1746 animum
1173 1717 1338 1758 gerens.
1370 1701 1719 1758 Parthenopoeus

268 1793 440 1837 natione
480 1792 617 1836 Arcas
660 1792 733 1835 sed
771 1791 901 1848 Argis
932 1791 1133 1834 educatus
1163 1790 1352 1833 maxime
1382 1789 1580 1832 laudatur
1611 1789 1721 1846 quod

268 1881 315 1924 in
381 1880 528 1924 officiis
593 1880 802 1937 inquilino
868 1878 1133 1936 praestandis
1190 1877 1422 1935 numquam
1480 1877 1719 1920 cessaverit.

269 1969 440 2027 Tydeus
485 1984 582 2013 acer
623 1969 817 2026 sophista·
852 1973 944 2012 erat
974 1982 1060 2011 non
1089 1967 1136 2010 in
1165 1967 1307 2010 verbis
1339 1967 1413 2009 sed
1442 1967 1488 2008 in
1518 1967 1647 2009 armis
1679 1970 1721 2008 et

269 2059 499 2102 multorum
538 2061 889 2114 strategematum
930 2057 1104 2113 peritus.
1163 2055 1246 2097 His
1298 2055 1477 2111 aliisque
1524 2055 1720 2097 laudibus

269 2146 479 2191 Adrastus
506 2147 635 2190 finem
660 2145 840 2203 imponit
867 2159 967 2187 vere
998 2144 1280 2187 Socraticum:
1319 2144 1455 2197 „bona
1482 2143 1718 2198 educatio’',

268 2235 420 2294 inquit,
467 2234 615 2290 „affert
651 2233 880 2291 pudorem;
912 2232 1083 2275 virtutis
1114 2231 1364 2274 exercitatio
1394 2231 1612 2287 ignaviam
1645 2245 1719 2273 ex-

243 2356 245 2358 ·
268 2324 403 2382 pellit,
450 2322 650 2366 fortitudo
695 2336 796 2364 vero
842 2320 944 2363 disci
991 2323 1151 2377 potest;
1198 2333 1307 2376 quae
1363 2319 1456 2375 quis
1514 2333 1539 2361 a
1588 2332 1720 2375 puero

269 2410 414 2454 didicit
429 2413 572 2453 servat
584 2409 638 2452 ad
653 2412 927 2452 senectutem.
946 2407 1066 2450 Bene
1082 2407 1214 2463 igitur
1230 2406 1440 2449 instituite
1455 2406 1611 2449 liberos
1629 2406 1691 2461 6)”
1707 2407 1717 2449 !

321 2545 346 2592 ¹)
371 2545 414 2580 11.
439 2544 500 2584 Vl,
526 2546 582 2579 46.
610 2561 652 2568 -
678 2543 708 2588 Ἃ)
734 2542 776 2577 Il.
802 2542 846 2584 X,
873 2542 950 2577 378.
977 2541 1040 2586 XI,
1067 2542 1143 2576 131.

315 2605 344 2649 ³)
371 2604 411 2638 11.
435 2603 534 2646 XXI,
558 2604 637 2637 454.
664 2601 781 2644 XXII,
806 2603 862 2636 45.
887 2620 935 2626 —
958 2600 984 2643 ⁴)
1012 2600 1117 2636 Dion.
1144 2600 1224 2635 Hal.
1250 2600 1293 2634 A.
1322 2599 1364 2635 R.
1390 2598 1431 2642 V,
1461 2601 1513 2635 17.

318 2663 345 2707 ⁵)
374 2662 459 2698 Eur.
485 2661 611 2707 Suppl.
639 2662 716 2704 857,
743 2671 819 2706 sqq.
845 2678 890 2685 —
916 2659 943 2699 ἢ)
970 2659 1018 2694 id.
1045 2661 1124 2699 911,
1151 2670 1229 2705 sqq.
