2080 3314
927 334 981 374 83

226 473 353 518 opere
391 458 632 502 doctissimo
673 458 857 501 Graecae
913 459 1148 515 trayoediae
1177 459 1444 515 Principum,
1474 473 1578 502 uum
1619 474 1680 515 ea,

225 561 331 604 quae
373 551 611 604 supersunt,
654 547 839 603 yeuuiua
885 547 1026 588 omnia
1064 548 1149 589 siut
1174 551 1244 589 cet.
1278 547 1428 602 (1808)
1460 551 1683 591 enumerat

225 634 362 678 multa
404 634 452 677 in
496 637 794 692 spectatorum,
841 634 978 676 multa
1022 634 1068 676 in
1114 634 1299 692 partium
1337 634 1526 678 favorem
1555 634 1681 686 diota,

223 722 361 766 multa
390 737 415 766 e
443 722 645 780 temporis
675 721 854 765 historia
882 721 1148 777 illustranda,
1181 722 1294 765 unde
1321 723 1525 780 suspicari
1541 723 1679 779 liceat,

224 809 378 868 quibus
403 808 665 867 temporibus
689 809 899 866 quaedam
929 809 1100 852 fabulae
1130 809 1276 852 doctae
1306 809 1403 852 sint.
1436 809 1518 865 (Of.
1535 810 1687 868 impri-v

137 940 141 943 ,
223 896 306 940 mis
359 895 463 955 Cap.
517 897 643 952 XIV,
691 896 825 951 XV.).
868 895 1011 939 Huius
1057 897 1302 953 exemplum
1348 900 1539 940 secutum
1588 912 1680 942 esse

225 983 561 1028 Suevernium
602 988 778 1042 apparet
824 999 880 1027 ex
925 984 1136 1041 opusculis
1178 984 1268 1027 eius
1308 983 1355 1026 in
1394 982 1515 1027 Actis
1546 984 1679 1029 Acad.

224 1071 366 1116 Berol.
408 1072 555 1129 (1824,
591 1073 721 1128 1825)
762 1072 889 1115 Ueber
918 1073 1049 1128 einiye
1079 1071 1321 1115 historische
1351 1073 1443 1115 und
1463 1074 1682 1129 politische

225 1161 542 1218 Auspielunyeu
581 1162 628 1204 in
668 1161 743 1203 der
771 1161 884 1203 alten
919 1160 1171 1217 Traqoedie,
1203 1164 1246 1203 et
1283 1160 1410 1203 Ueber
1445 1161 1525 1204 deu
1554 1162 1680 1206 histo-

224 1247 388 1291 rischen
421 1248 655 1291 Charakter
685 1248 755 1290 des
783 1247 966 1290 Drama.
1014 1247 1106 1290 Nec
1135 1262 1237 1291 vero
1266 1249 1600 1305 praetereundus
1617 1254 1682 1293 est

225 1333 359 1379 Adol
369 1335 438 1379 fii
493 1335 742 1379 Schoelii
798 1335 906 1378 liber
967 1335 1196 1391 SophocleS,
1258 1337 1347 1379 sein
1392 1337 1529 1380 Leben
1588 1340 1680 1382 und

234 1423 408 1467 Wirkeu
452 1424 618 1490 (1842),
681 1425 754 1482 qui
798 1424 865 1467 vir
909 1423 1054 1466 doctus
1100 1423 1278 1467 eandem
1323 1425 1547 1482 rationem,
1594 1442 1679 1484 qua

225 1511 299 1555 alii
332 1511 379 1554 in
419 1511 626 1570 Euripide
665 1513 731 1555 usi
783 1512 966 1566 fuerant,
1015 1510 1211 1568 Sophocli
1257 1526 1423 1571 quoque
1469 1513 1676 1572 adhibuit,

223 1600 337 1644 unde
381 1600 575 1657 sagacius
636 1614 764 1658 quam
821 1602 962 1644 verius
1009 1603 1146 1644 multa
1190 1601 1289 1644 huic
1333 1605 1484 1659 poetae
1529 1603 1679 1646 tribuit

223 1686 276 1732 de
320 1688 473 1746 quibus
518 1688 595 1731 vix
639 1669 829 1746 unquam
873 1689 1088 1746 cogitavit.
1150 1688 1192 1732 J.
1239 1688 1294 1731 A.
1343 1689 1675 1747 Hartungus

219 1775 407 1833 scripsit
447 1775 700 1831 Euripidem
769 1778 1019 1832 restitutum,
1083 1778 1350 1834 praeclarum
1389 1792 1527 1835 ¹opus.
1588 1778 1675 1823 Do-

220 1862 396 1913 lendum
451 1867 598 1907 tamen
659 1867 723 1907 est
783 1865 895 1922 quod
954 1865 1063 1907 miro
1124 1864 1248 1907 modo
1293 1864 1360 1907 vir
1410 1865 1675 1908 doctissimus

220 1951 536 2008 ingeniossimis
602 1952 789 1994 inventis
856 1953 942 1995 alia
1003 1952 1230 1995 admodum
1297 1954 1537 2009 temeraria,
1621 1969 1676 1997 ne

223 2037 401 2081 ridicula
429 2038 579 2094 dicam,
610 2039 671 2082 ita
700 2039 942 2095 immiscuit,
975 2045 1022 2082 ut
1051 2041 1190 2098 potius
1220 2041 1383 2097 ingenii
1413 2042 1530 2084 lusus
1547 2057 1674 2100 quam

224 2126 336 2170 seria
386 2126 526 2170 studia
585 2126 758 2170 dixeris.
820 2128 1214 2172 Zirndorferus
1270 2128 1421 2185 (1839)
1482 2135 1525 2173 et
1580 2131 1670 2174 Th.

223 2213 423 2257 Fixius
453 2214 604 2271 (1843)
634 2215 892 2273 scripserunt
924 2217 1243 2274 Chronoloqiam
1281 2211 1506 2274 Euripidis
1545 2220 1674 2275 fabu-

220 2302 374 2358 larum,
431 2303 485 2346 ab
531 2303 760 2347 audacibus
805 2305 1055 2348 coniecturis
1101 2306 1351 2363 plerumque
1394 2307 1670 2352 abstinentes.

222 2389 277 2433 In
316 2391 488 2447 egregio
527 2393 726 2449 opusculo
765 2407 840 2436 suo
876 2392 935 2436 H.
967 2393 1206 2436 Weilius
1251 2393 1317 2436 De
1361 2395 1673 2451 truyoediarum

221 2492 317 2521 cum
334 2478 455 2521 rebus
462 2478 644 2535 publicis
660 2481 942 2524 coniunctione
958 2478 1110 2538 (1844)
1126 2481 1262 2524 multa
1278 2481 1332 2524 ab
1348 2481 1443 2524 aliis
1458 2483 1673 2540 proposita

221 2566 333 2609 mira
377 2570 469 2610 arte
514 2567 718 2610 refutavit
762 2572 838 2611 aut
875 2568 996 2612 novis
1041 2570 1304 2626 argumentis
1345 2573 1388 2613 et
1433 2570 1670 2615 rationibus

221 2653 499 2699 confirmavit.
532 2655 643 2700 Fere
674 2657 863 2701 omnium
894 2657 1045 2702 horum
1077 2659 1309 2703 sententias
1335 2663 1378 2703 et
1394 2660 1668 2717 coniecturas,
