2080 3314
1064 382 1119 424 40

377 528 513 570 paean
589 513 715 555 ordiri
776 513 887 555 inter
948 528 1066 556 sacra
1127 512 1337 556 Graecum
1399 517 1462 555 est
1506 514 1745 556 institutum
1763 511 1808 567 1).

381 600 567 642 Graecae
613 600 844 641 iuventutis
889 598 1067 642 Atridae
1112 600 1336 657 imperium
1367 604 1513 643 tenent
1529 598 1585 655 2);
1633 600 1812 643 Graecia
1855 622 1862 634 ·

379 685 743 741 Agamemnonem
801 686 879 728 sibi
933 686 1230 743 imperatorem
1277 686 1395 742 eligit
1410 686 1457 740 3),
1512 687 1654 742 itaque
1683 686 1811 728 totius

378 776 516 814 terrae
547 772 732 814 Graecae
763 772 851 814 dux
883 776 945 815 est
960 769 994 826 4)
1026 777 1068 816 et
1099 777 1341 815 cunctorum
1359 773 1612 815 Graecorum
1629 771 1812 826 (naveh-

379 855 519 913 λήνων
542 853 574 912 ὑ)
621 873 698 900 rex
745 858 872 900 audit.
933 859 1103 902 Helena
1147 863 1279 901 totam
1310 858 1532 901 Graeciam
1562 858 1742 916 perdidit
1763 836 1818 913 6),-

379 959 454 1003 pro
484 948 573 988 tota
603 945 782 988 Graecia
810 945 941 1002 igitur
969 960 1126 1003 poenas
1156 946 1272 988 dabit
1282 945 1327 999 ⁷).
1540 921 1542 923 -

439 1134 676 1184 Discrimen
706 1142 818 1183 inter
849 1141 1030 1184 Graecos
1049 1145 1090 1184 et
1106 1142 1307 1185 barbaros
1324 1141 1357 1195 8)
1388 1156 1482 1183 cum
1499 1141 1552 1183 ad
1567 1141 1758 1197 linguam
1774 1146 1816 1184 et

381 1228 702 1271 consuetudines
732 1233 821 1269 tum
853 1228 906 1270 ad
935 1242 1071 1270 mores
1103 1232 1144 1270 et
1173 1228 1357 1270 indolem
1373 1228 1568 1284 pertinet.
1602 1228 1694 1270 Iam
1716 1242 1817 1271 vero

381 1316 635 1371 tragicorum
680 1329 840 1357 morem
886 1315 1060 1371 populos
1107 1318 1274 1357 exteros
1314 1315 1421 1357 tales
1457 1315 1601 1371 quales
1630 1314 1816 1371 ipsorum

381 1403 638 1459 temporibus
685 1407 805 1445 erant
850 1402 1113 1445 describendi
1160 1407 1202 1445 et
1237 1403 1513 1445 barbarorum
1543 1401 1814 1456 Asianorum,

382 1490 588 1547 imprimis
619 1490 860 1544 Persarum,
894 1504 1031 1532 mores
1063 1489 1257 1532 Troianis
1287 1489 1501 1532 tribuendi
1531 1490 1814 1532 observemus.

440 1577 598 1633 Magno
644 1592 737 1619 cum
769 1581 1010 1633 contemptu
1040 1577 1264 1619 Tecmessa
1280 1572 1312 1630 9)
1344 1580 1385 1618 et
1416 1576 1624 1633 Omphale
1643 1576 1691 1630 l⁰)
1721 1577 1816 1619 bar-

382 1664 511 1706 barae
557 1664 753 1706 dicuntur
799 1667 840 1705 et
885 1663 1008 1705 Paris
1044 1663 1211 1705 iuvenis
1241 1663 1446 1705 barbarus
1476 1663 1721 1718 designatur
1752 1661 1814 1716 11).

386 1749 643 1806 Argivorum
683 1765 761 1792 rex
801 1764 1050 1806 praeconem
1080 1750 1294 1806 vituperat
1323 1750 1407 1805 qui,
1441 1763 1570 1805 quum
1599 1749 1689 1805 ipse
1719 1750 1815 1792 bar-

385 1838 512 1879 barus
543 1837 608 1891 sit,
641 1837 767 1878 nimis
796 1836 967 1878 Graecis
983 1836 1123 1878 illudit
1140 1835 1202 1890 12).
1235 1836 1354 1878 Idem
1371 1850 1448 1878 rex
1464 1836 1562 1878 licet
1578 1835 1819 1878 Danaidum

386 1930 597 1968 catervam
638 1925 821 1982 primum
863 1924 1118 1980 conspiciens
1148 1928 1317 1980 propter
1348 1924 1694 1966 vestimentorum
1725 1937 1818 1980 spe-

387 2014 492 2056 ciem
522 2013 724 2055 barbaras
756 2026 847 2054 esse
878 2010 1032 2065 credat,
1065 2014 1207 2053 tamen
1239 2025 1295 2053 ex
1324 2011 1409 2052 ritu
1431 2010 1666 2067 supplicum
1683 2025 1820 2053 ramos

435 2195 463 2241 1)
489 2196 586 2240 Sept.
612 2197 690 2230 269.
718 2213 758 2220 -
785 2196 817 2239 2)
837 2193 906 2239 Ag.
929 2195 1005 2229 109.
1030 2214 1075 2219 -
1099 2193 1129 2239 ⁸)
1154 2193 1231 2228 Eur
1255 2193 1311 2228 El.
1339 2195 1437 2228 1082.
1463 2213 1507 2219 —-
1530 2194 1559 2235 4)
1583 2192 1642 2228 Or.
1668 2194 1747 2228 574.

433 2257 461 2296 5)
488 2255 514 2287 1.
540 2253 583 2287 A.
609 2254 688 2297 414,
712 2251 843 2287 Troad.
868 2253 946 2294 413,
972 2251 1017 2286 cf.
1043 2251 1152 2296 Soph.
1177 2251 1232 2286 El.
1258 2250 1377 2295 484,1.
1391 2251 1430 2285 T.
1452 2252 1504 2286 17.
1522 2251 1670 2286 Homeri
1684 2259 1820 2294 versus,

389 2323 460 2356 quo
484 2311 552 2345 hoc
576 2310 726 2345 verbum
751 2309 910 2344 occurrit
936 2309 975 2345 11.
1002 2309 1048 2351 ΙΙ,
1082 2311 1151 2344 530
1175 2309 1248 2343 iam
1274 2308 1319 2343 ab
1347 2308 1558 2344 Arist-archo
1588 2308 1820 2354 expungitur.

434 2368 464 2414 6)
491 2367 550 2403 Or.
577 2369 651 2403 131.
677 2387 722 2393 —-
747 2367 777 2412 ⁷)
802 2366 851 2401 id.
880 2368 979 2400 1134.

435 2428 464 2472 s)
502 2425 700 2469 Aeschylus
737 2435 844 2469 saepe
881 2425 1053 2459 sermonis
1088 2424 1312 2458 sublimitate
1348 2423 1451 2459 novis
1483 2423 1603 2458 verbis
1635 2433 1693 2457 res
1718 2423 1821 2457 notas

390 2486 608 2532 significams
625 2486 775 2522 obscuro
791 2485 901 2521 verbo
925 2485 1065 2536 καρβάν
1090 2488 1127 2521 et
1153 2485 1333 2536 κάρβανος
1356 2484 1540 2520 interdum
1558 2495 1625 2529 pro
1647 2483 1822 2533 βάρβαρος

392 2546 507 2580 utitur
541 2544 678 2589 (Suppl.
717 2545 792 2584 118,
824 2545 903 2588 914,
936 2544 1004 2589 Ag.
1043 2544 1158 2589 1061.)
1195 2544 1292 2589 quod
1329 2543 1480 2578 verbum
1505 2546 1644 2577 veteres
1671 2540 1822 2576 fortasse

389 2607 459 2642 loci
476 2618 585 2651 supra
601 2605 739 2640 laudati
758 2617 935 2640 memores
948 2617 969 2640 a
982 2616 1068 2640 voce
1082 2604 1159 2656 Κάρ
1172 2605 1356 2640 derivant:
1371 2607 1407 2640 οἱ
1422 2603 1573 2651 ἔχοντες
1589 2601 1705 2653 Καρδς
1719 2601 1822 2650 βοήν.

437 2665 466 2712 ⁹)
491 2663 548 2699 Ai.
576 2664 676 2698 1263.
703 2682 744 2687 -
774 2662 819 2710 10)
846 2662 977 2698 Trach.
1001 2663 1080 2698 252.
1110 2683 1146 2688 -
1176 2663 1221 2709 11)
1244 2662 1325 2697 Hel.
1351 2664 1430 2698 666.
1456 2682 1496 2688 -
1525 2661 1571 2708 12)
1597 2660 1720 2707 Suppl.
1745 2660 1826 2695 914.
