2080 3314
948 340 1004 381 23

253 473 327 518 siis
358 475 432 516 aut
458 470 712 514 Cerealibus
741 468 999 511 feminarum
1028 466 1204 523 vigiliae
1220 462 1492 519 (παννυχίδες
1518 462 1560 517 ¹),
1593 462 1705 505 Her-

253 561 358 604 culis
379 559 414 614 Β)
445 559 710 614 aliorumque
740 555 1045 599 comissationis
1073 554 1273 610 frequens
1304 550 1646 595 commemoratio
1671 548 1704 603 ³)

251 649 298 692 in
370 646 599 704 tragoediis
668 644 959 688 inveniuntur.
1042 642 1175 685 Porro
1235 643 1525 683 memorantur
1584 638 1706 680 varia

252 737 362 780 festa
387 735 469 778 sub
501 733 809 778 recentioribus
840 731 1082 775 nominibus
1109 734 1160 772 ut
1180 729 1305 772 initia
1334 725 1498 783 (τελετή
1516 724 1566 781 ⁴),
1598 725 1704 768 sacri

254 822 370 867 chod
410 822 589 877 (θίασοι
614 820 666 876 ²⁵),
714 820 904 864 omnium
946 819 1107 862 civium
1150 821 1296 861 coetus
1340 813 1640 872 (πανηγυρίδες
1671 812 1705 868 ⁶)

261 911 440 954 fortasse
481 910 610 954 etiam
640 908 880 966 spectacula
898 906 931 961 ⁷)
973 911 1016 950 et
1042 907 1091 949 in
1115 906 1227 949 festo
1257 905 1426 962 publico
1455 903 1509 947 ob
1539 903 1705 946 felicem

256 1012 564 1057 quemcumque
590 1001 791 1041 eventum
822 1009 1071 1038 coronarum
1103 994 1282 1051 gestatio
1307 991 1653 1047 (στεφανοφορία
1671 990 1705 1044 ⁸)

253 1090 297 1131 et
338 1086 602 1130 sacrificatio.
663 1085 785 1127 Haec
824 1083 970 1127 omnia
1001 1097 1086 1126 non
1116 1082 1294 1125 heroum
1325 1080 1537 1138 simplices
1566 1092 1706 1122 mores

255 1174 330 1220 sed
373 1174 514 1232 potins
561 1174 722 1217 lautam
761 1172 1029 1229 hilaremque
1075 1170 1319 1228 aequalium
1373 1166 1705 1211 Atheniensium

254 1263 389 1307 visam
418 1262 622 1306 nedelent.

312 1437 478 1482 Morem
495 1450 710 1480 coronas
728 1450 756 1479 e
771 1435 946 1479 floribus
962 1449 1097 1478 nexas
1110 1432 1308 1493 gestandi
1325 1431 1438 1490 apud
1452 1430 1705 1488 posteriores

254 1525 438 1568 &raeces
468 1515 714 1582 saepissime
745 1528 788 1567 et
822 1523 962 1566 ubivis
988 1518 1370 1566 occurrere“nemo
1385 1520 1567 1576 ignorat,
1585 1519 1705 1562 cuius

252 1613 316 1656 rei
343 1616 491 1656 tamen
521 1611 737 1656 Homerus
767 1611 1028 1654 mentionem
1059 1624 1145 1653 non
1170 1609 1283 1652 facit.
1317 1608 1462 1651 Semel
1478 1607 1590 1665 apud
1606 1621 1704 1650 eum

254 1703 466 1755 στέφανος
480 1698 694 1753 πολέμοιο
711 1697 747 1753 9)
763 1698 1009 1741 invenimus
1025 1697 1207 1740 debello
1222 1696 1410 1753 undique
1427 1699 1587 1739 exorto.
1601 1694 1704 1752 Epi-

252 1788 402 1832 theton
410 1788 592 1831 ‘deamm
609 1786 868 1841 ἐυστέφανος
886 1784 941 1842 ¹⁰)
968 1785 1250 1829 derivandum
1268 1788 1331 1828 est
1347 1799 1373 1827 a
1388 1799 1490 1827 voce
1507 1781 1705 1839 στεφάνη

251 1876 504 1931 (limmate,
536 1890 618 1933 quo
648 1875 807 1918 mundo
836 1874 1035 1917 muliebri
1067 1877 1217 1916 ornata
1243 1872 1375 1915 etiam
1394 1886 1507 1914 nunc
1522 1871 1703 1926 Dianae,

251 1963 450 2018 Veneris,
502 1962 759 2019 Cererisque
802 1962 928 2018 signa
973 1964 1157 2004 exstant.
1219 1960 1353 2003 Porro
1384 1959 1497 2016 apud
1544 1958 1704 2002 Home-

248 2064 347 2094 rm
422 2051 623 2107 στεφάνη
694 2050 908 2107 significat
985 2049 1188 2106 cuiusque
1263 2048 1325 2091 rei
1371 2047 1589 2104 fastigium
1635 2048 1703 2090 vel

250 2138 473 2183 circuitum
503 2142 546 2182 et
575 2137 951 2192 werbaoeemavdm
969 2143 1013 2181 et
1029 2141 1184 2192 στέφω,
1213 2135 1487 2190 circumdare,
1519 2135 1703 2192 cingere,

302 2310 328 2357 ¹)
348 2309 463 2356 Soph.
484 2309 545 2347 El.
566 2310 628 2351 92,
653 2309 743 2347 Ant.
770 2310 849 2354 153,
874 2308 1006 2345 Troad.
1030 2309 1131 2344 1073.
1163 2326 1198 2333 -
1227 2306 1258 2351 2‘)
1286 2306 1367 2343 Alc.
1392 2306 1473 2342 804.

300 2369 330 2416 ⁸)
352 2369 489 2405 Phoen.
517 2370 599 2412 791,
626 2367 714 2403 Eur.
744 2367 871 2415 Suppl.
897 2369 977 2412 390,
1003 2366 1072 2413 Ag.
1100 2366 1189 2401 1189
1214 2367 1252 2402 et
1276 2365 1425 2410 passim.

300 2427 330 2472 ⁴)
351 2426 381 2464 I.
406 2426 448 2462 T.
472 2427 552 2463 959.
577 2446 622 2453 —
648 2426 676 2472 ⁸)
697 2426 727 2461 Ι.
752 2425 794 2461 T.
821 2427 921 2461 1146.

303 2486 331 2529 θ)
355 2486 455 2531 Sept.
480 2487 561 2530 202,
585 2485 655 2531 Ag.
680 2486 759 2521 819.
786 2483 894 2520 Herc.
919 2483 1006 2518 Fur.
1035 2484 1136 2519 1283.
1161 2501 1208 2508 -
1232 2481 1261 2527 7)
1285 2481 1326 2517 O.
1353 2480 1397 2516 R.
1428 2481 1533 2517 1489.

301 2545 332 2592 ⁸)
356 2544 437 2580 Alc.
465 2545 566 2588 1155,
594 2554 704 2590 quem
728 2541 1010 2578 Atheniensium
1034 2552 1173 2576 morem
1186 2539 1373 2576 describit.
1398 2537 1662 2575 Demosthenes
1673 2549 1704 2574 c.

342 2602 499 2639 maiam
523 2613 608 2648 pag.
635 2602 705 2638 530
729 2601 751 2648 ξ
776 2602 832 2637 51.
881 2600 928 2636 of.
952 2599 1068 2636 Arist.
1093 2599 1162 2635 Av.
1189 2600 1290 2643 1230,
1315 2597 1384 2644 Eq.
1411 2599 1514 2634 1331.

300 2662 332 2715 ⁹)
355 2661 399 2698 11.
424 2661 526 2707 XIII,
560 2662 645 2697 736.
670 2679 715 2689 ·-
734 2660 778 2709 ¹⁰)
803 2658 993 2704 11.XV111,
1009 2657 1256 2709 597,11.XX1‚
1273 2655 1621 2707 510‚0d.V111,267
1635 2657 1706 2694 eet.
