2080 3314
1052 329 1108 371 24

367 454 557 511 plurimis
602 454 702 497 locis
743 458 965 497 occurrunt
994 455 1067 498 sed
1096 454 1149 498 de
1178 455 1339 499 coronis
1369 455 1506 498 floreis
1535 460 1660 513 poeta
1690 456 1797 500 silet.

370 540 489 589 Quae
522 541 663 583 omnia
692 541 838 602 valent
866 541 919 584 de
945 541 1122 585 Hesiodi
1152 556 1315 599 quoque
1332 543 1599 598 carminibus,
1630 558 1684 587 ne
1700 543 1800 587 duo-

364 628 443 670 bus
472 628 556 669 illis
599 628 699 670 locis
730 628 898 684 quidem
930 629 1115 686 exceptis
1144 629 1216 672 ubi
1251 629 1396 672 Horae
1415 627 1448 684 1)
1479 633 1521 672 et
1550 630 1745 674 Minerva
1764 630 1798 686 ²)

364 714 584 756 Pandorae
615 729 786 756 coronas
816 718 990 757 nectunt
1020 716 1193 772 eiusque
1223 715 1349 772 capiti
1379 716 1622 773 imponunt;
1654 717 1799 760 Goett-

366 801 546 857 lingium
566 800 598 854 ³)
631 801 744 843 enim
774 801 1016 858 inspiciens,
1047 802 1186 844 virum
1217 802 1386 845 doctum
1416 804 1571 846 multas
1587 807 1731 846 tamen
1746 805 1799 848 ob

364 888 468 930 alias
514 902 673 942 causas,
720 888 832 931 hunc
881 902 1050 931 versum
1097 903 1355 946 expungere,
1400 890 1522 931 illum
1560 890 1800 946 posterioris

364 974 514 1017 aetatis
559 975 718 1017 auctori
748 975 937 1018 tribuere
966 976 1101 1031 video,
1135 990 1265 1033 quare
1294 976 1340 1018 hi
1369 991 1516 1019 versus
1546 977 1799 1021 sententiam

363 1077 501 1106 meam
532 1063 747 1106 affirmant
778 1064 915 1120 potius
946 1079 1071 1121 quam
1101 1064 1318 1108 infirmant
1334 1069 1376 1108 et
1390 1065 1563 1108 liberius
1579 1065 1802 1122 perhibere

365 1149 498 1193 audeo
528 1165 687 1193 morem
719 1166 892 1194 coronas
923 1151 1116 1208 gestandi
1147 1152 1200 1195 ad
1220 1153 1494 1209 posteriorem
1511 1157 1694 1197 aetatem
1709 1167 1802 1210 per-

363 1236 583 1291 tinentem,
603 1237 779 1281 Homeri
799 1238 1059 1297 Hesiodique
1076 1239 1322 1296 aequalibus
1338 1244 1411 1283 aut
1426 1254 1595 1297 prorsus
1609 1240 1801 1296 ignotum

364 1326 437 1365 aut
491 1326 603 1365 certe
658 1338 743 1366 non
797 1324 858 1367 ita
901 1324 947 1366 in
993 1325 1152 1368 deliciis
1198 1325 1326 1368 fuisse
1370 1330 1418 1368 ut
1461 1326 1650 1383 posteris.
1710 1327 1800 1371 Ho-

363 1423 504 1452 merus
533 1410 754 1467 imprimis,
789 1411 860 1467 qui
892 1415 1013 1454 tanta
1042 1411 1263 1468 diligentia
1292 1413 1446 1468 omnia,
1477 1414 1546 1456 vel
1561 1413 1739 1457 minima
1758 1418 1801 1458 et

363 1496 578 1539 levissima
622 1497 825 1554 depingit,
873 1512 946 1540 cur
991 1512 1221 1555 numquam
1266 1499 1391 1542 huius
1437 1500 1498 1543 rei
1542 1501 1799 1544 mentionem

363 1582 528 1625 fecisset
558 1583 592 1624 si
622 1587 713 1625 tum
744 1583 829 1626 iam
861 1583 908 1626 in
938 1598 1017 1626 usu
1047 1584 1226 1628 fuisset?
1271 1600 1395 1629 nemo
1428 1586 1596 1642 quidem
1627 1588 1800 1643 negabit

365 1685 460 1713 eum
492 1671 726 1714 sexcenties
759 1686 1006 1715 coronarum
1036 1673 1406 1716 memorandarum
1438 1673 1636 1717 habuisse
1652 1689 1798 1732 oppor-

364 1757 601 1800 tunitatem.
664 1758 801 1807 Quam
819 1759 1168 1814 observationem,
1188 1774 1442 1816 quamquam
1461 1760 1572 1817 apud
1588 1761 1801 1805 neminem

363 1844 451 1886 sive
480 1848 672 1886 veterum
704 1844 793 1887 sive
822 1845 1105 1888 recentiorum
1134 1846 1292 1900 inveni,
1325 1847 1504 1903 probare
1534 1851 1678 1890 tamen
1695 1848 1801 1892 mihi

363 1930 529 1972 videtur
570 1931 758 1973 omnium
789 1931 980 1987 gentium
1011 1931 1199 1987 historia,
1232 1947 1340 1989 quae
1370 1948 1445 1976 nos
1475 1934 1621 1977 doceat
1650 1935 1800 1978 florum

364 2017 522 2058 cultum
555 2021 596 2059 et
627 2031 749 2059 usum
781 2032 947 2074 semper
976 2033 1210 2062 accrescere
1239 2033 1325 2062 una
1354 2034 1448 2062 cum
1469 2021 1575 2062 luxu
1592 2021 1798 2077 effusiore,

363 2103 430 2145 cui
486 2104 722 2147 sententiae
778 2108 922 2148 nostra
968 2119 1133 2162 quoque
1178 2109 1369 2164 tempora
1414 2112 1663 2164 argumento
1708 2123 1799 2152 esse

364 2189 535 2245 possint.

422 2277 621 2333 Tragicos
652 2282 794 2321 autem
824 2277 904 2322 hac
932 2279 978 2321 in
1007 2294 1054 2322 re
1084 2280 1149 2322 sui
1179 2281 1379 2338 temporis
1399 2282 1506 2325 mori
1523 2287 1799 2339 congruentes

364 2363 755 2406 demonstrabimus
816 2364 965 2422 Epulis
995 2381 1171 2410 coronae
1200 2367 1374 2411 decorae
1402 2373 1501 2412 sunt
1519 2367 1567 2424 4),
1593 2369 1799 2413 Hercules

411 2504 439 2548 ¹)
464 2505 547 2540 Hes.
574 2505 638 2551 Op.
665 2507 720 2541 75.
744 2526 792 2533 —
814 2505 845 2548 2)
866 2507 916 2542 id.
943 2507 1078 2553 Theog.
1104 2510 1183 2545 576.

410 2562 445 2668 ⁸2)
465 2562 788 2660 ἓοῖἰεήὲὲξὲἰιιε·
816 2563 970 2601 Hesiodi
996 2564 1178 2612 Carmina,
1201 2579 1284 2617 pag.
1309 2569 1354 2604 69
1377 2571 1415 2605 et
1440 2570 1506 2607 188
1529 2568 1587 2604 ed.
1609 2568 1729 2607 tertia.
