2080 3314
1117 380 1170 420 82

426 516 510 545 non
541 503 751 546 excedunt
781 517 918 560 neque
946 508 1079 548 certos
1096 506 1200 549 fines
1217 506 1353 563 operis
1369 507 1463 562 lege
1479 508 1723 552 constitutos
1738 523 1860 567 prae-

422 590 750 645 tergrediuntur.
801 590 937 633 Nemo
967 591 1131 635 dubitat
1161 593 1264 650 quin
1293 592 1530 650 Aeschylus
1561 594 1858 640 Eumemidum

423 675 568 719 fabula
584 676 811 734 composita
828 681 1014 720 veterem
1031 677 1246 736 Areopagi
1263 680 1567 736 auctoritatem,
1585 682 1859 727 democratico

421 776 564 805 rerum
609 777 815 805 novarum
860 763 996 808 studio
1040 764 1303 821 labefactam,
1335 765 1558 810 defendere
1588 773 1760 811 conatus
1789 770 1857 826 sit,

422 850 539 892 cuius
588 850 789 894 dramatis
835 854 979 894 tamen
1029 866 1173 900 omnes
1222 867 1427 909 personae
1477 854 1566 897 vita
1615 856 1857 912 quotidiana
1894 881 1895 884 ¹

422 937 657 994 superiores
682 942 793 993 sunt,
814 938 1084 981 sublimitatis
1100 943 1142 982 et
1157 939 1547 997 grandiloquentiae
1563 956 1648 984 non
1663 946 1858 1000 expertes

417 1024 516 1066 licet
561 1002 686 1067 rebus
726 1025 1027 1068 recentioribus
1068 1026 1270 1069 alludant.
1340 1026 1550 1085 Tempora
1588 1043 1689 1073 vero
1733 1029 1858 1073 Euri-

414 1111 540 1168 pidea
571 1112 731 1168 agitata
753 1116 795 1155 et
813 1113 996 1168 turbata,
1029 1127 1157 1170 quum
1186 1113 1372 1171 partium
1402 1115 1586 1158 studium
1615 1116 1858 1173 prohiberet

415 1198 640 1254 quominus
689 1198 974 1242 Athenienses
1024 1200 1165 1243 animo
1220 1205 1262 1243 et
1298 1202 1480 1244 sermoni
1526 1203 1856 1260 moderarentur,

416 1288 586 1341 poetam
618 1300 782 1343 quoque
811 1286 1097 1343 perducebant
1126 1290 1173 1329 ut
1203 1288 1369 1345 saepius
1386 1292 1442 1347 *et
1470 1289 1637 1346 planius
1654 1305 1680 1333 a
1705 1290 1857 1334 fabulis

419 1371 473 1414 ad
503 1371 612 1419 facta
642 1386 686 1415 se
716 1376 991 1416 converteret.

480 1457 573 1502 Iam
613 1460 806 1516 plurimis
855 1460 970 1515 lociS,
1018 1461 1232 1504 occasione
1278 1461 1389 1517 data,
1436 1462 1636 1506 historiae
1695 1463 1857 1508 ratione

418 1544 607 1588 adhibita
659 1550 895 1603 temporum
951 1547 1270 1591 translationem
1315 1548 1511 1592 indicavi.
1571 1550 1669 1592 Non
1722 1565 1858 1608 pauca

416 1633 522 1676 mihi
567 1638 775 1678 restarent
820 1636 901 1678 nisi
945 1635 1051 1678 mihi
1081 1637 1218 1679 visum
1250 1641 1358 1680 esset
1387 1637 1497 1680 hanc
1526 1651 1646 1681 meae
1683 1638 1856 1695 inquisi-

414 1722 540 1765 tionis
570 1727 734 1779 partem
764 1723 810 1765 in
840 1728 1066 1781 angustum
1103 1725 1359 1768 concludere.
1391 1725 1716 1770 Desudaverunt
1741 1727 1855 1770 enim

417 1808 503 1852 iam
534 1789 660 1852 multi
692 1811 771 1853 viri
802 1811 911 1854 docti
946 1811 991 1853 in
1021 1811 1259 1868 indagando
1290 1827 1345 1856 ex
1374 1813 1475 1870 ipsis
1521 1814 1759 1857 fabularum
1789 1829 1854 1858 ar-

413 1897 639 1952 gumentis,
694 1912 775 1954 quo
821 1902 1007 1955 tempore
1053 1899 1259 1956 singulae,
1305 1900 1357 1943 de
1403 1901 1554 1958 quibus
1598 1902 1641 1944 id
1685 1901 1855 1945 aliunde

412 1998 497 2026 non
542 1988 716 2039 constat,
753 1985 798 2027 in
828 2000 995 2028 scenam
1027 1987 1271 2030 commissae
1301 1988 1396 2030 sint.
1459 1988 1633 2032 Saeculo
1661 1989 1855 2046 proximo

414 2069 527 2112 Galli
557 2070 603 2112 in
632 2072 750 2113 Actis
780 2073 1030 2115 Academiae
1059 2074 1387 2129 Inscriptionum
1427 2074 1553 2117 huius
1594 2075 1656 2118 rei
1686 2075 1855 2118 initium

413 2156 616 2213 fecerunt,
650 2172 826 2215 quorum
856 2159 1050 2216 princeps
1081 2160 1160 2202 fuit
1189 2160 1414 2204 Lebeau
1436 2162 1597 2218 jeune
1629 2160 1675 2215 ¹).
1692 2162 1854 2206 Recen-

411 2243 564 2286 tiorum
609 2245 770 2301 primus
816 2246 896 2288 fuit
940 2245 1225 2304 Augustus
1284 2248 1625 2305 Boeokhius,
1673 2251 1744 2308 qui
1800 2249 1852 2292 in

463 2442 486 2489 ¹)
536 2443 728 2480 Memoires
765 2444 811 2480 de
848 2445 1074 2482 l’Academie
1121 2447 1185 2483 des
1233 2448 1468 2494 inscriptions
1504 2453 1540 2485 et
1576 2450 1689 2487 belles
1726 2451 1851 2488 lettres

408 2502 435 2535 t.
449 2501 594 2547 XXXV,
613 2513 696 2547 pag.
721 2503 808 2537 432:
835 2503 890 2538 Le
900 2504 924 2538 b
934 2515 983 2539 ea
993 2517 1016 2539 u
1036 2505 1082 2549 je
1093 2517 1115 2539 u
1125 2517 1190 2541 ne:
1212 2505 1285 2542 Sur
1296 2507 1346 2542 les
1357 2507 1530 2543 allusions
1539 2508 1658 2550 faites
1672 2509 1697 2544 ὰ
1710 2509 1769 2545 des
1781 2510 1849 2546 cir·

409 2562 615 2594 constances
637 2560 851 2604 historiques
874 2571 944 2605 par
967 2562 1015 2596 les
1040 2564 1223 2609 trayiques
1244 2575 1345 2610 yrecs
1366 2565 1412 2600 cf.
1439 2565 1624 2611 Sallier,
1649 2566 1738 2602 ibid.
1751 2569 1778 2603 t.
1795 2567 1850 2613 VI,

408 2627 491 2661 pag.
530 2618 607 2658 385,
643 2617 848 2653 Hardion
885 2621 910 2653 t.
949 2619 1048 2665 VIII,
1085 2632 1166 2666 pag.
1204 2624 1283 2666 288,
1321 2622 1359 2657 L.
1399 2623 1570 2659 Racine
1594 2626 1620 2658 t.
1646 2623 1742 2666 VIII,
1767 2636 1851 2672 pag.

409 2674 489 2719 288,
526 2674 569 2719 X,
612 2676 688 2709 311.
