2080 3314
926 335 1002 379 121

235 468 427 527 personis
467 466 835 526 adstipulantibus,
878 466 1110 524 profitetur.
1139 463 1167 520 ¹)
1209 463 1354 507 Etiam
1384 463 1496 506 inter
1525 461 1691 505 labores

236 562 280 602 et
319 557 483 601 dolores
521 556 670 599 heroes
711 555 913 598 homerici
954 555 1068 597 vitae
1109 553 1398 611 voluptatibus
1440 555 1483 595 et
1524 549 1690 607 gaudiis

236 645 452 700 fruuntur,
499 643 648 700 tragici
694 647 840 686 contra
885 657 1028 685 rerum
1075 641 1361 684 humanarum
1407 638 1689 682 conditionem

236 745 364 789 aegre
417 731 600 775 ferentes
646 731 814 788 saepius
860 734 1096 787 queruntur
1141 729 1193 772 de
1239 727 1399 771 infelici
1446 726 1690 770 mortalium

235 807 347 863 sorte
363 823 420 862 'et
449 819 502 862 de
532 819 725 862 fortunae
754 818 1050 862 inconstantia.
1071 817 1104 873 2)
1136 816 1285 860 Animi
1302 814 1692 875 perturbationibus

235 908 448 966 simplices
503 908 616 966 apud
661 907 898 951 Homerum
945 907 1096 950 heroes
1142 921 1227 949 non
1272 908 1581 962 temperantes,
1628 902 1693 944 ira

235 996 398 1040 incensi
438 996 508 1040 vel
538 996 779 1039 calamitate
811 995 969 1050 afflicti,
1001 994 1198 1038 lacrimas
1228 1008 1313 1036 non
1344 993 1542 1036 retinent.
1575 989 1692 1047 Aga-

235 1099 509 1128 memnonem
549 1088 694 1139 autem
735 1084 1014 1141 Euripideum
1051 1083 1247 1126 lacrimas
1278 1079 1531 1139 profundere
1562 1078 1692 1136 pudet

236 1187 292 1216 ne
336 1172 475 1216 mollis
521 1172 739 1228 videatur;
759 1171 794 1226 ³)
842 1171 1064 1215 Menelaus
1111 1185 1277 1228 quoque
1323 1183 1486 1212 memor
1515 1167 1691 1210 fortasse

235 1259 448 1318 proverbii
478 1257 561 1301 αἰεὶ
596 1257 884 1316 ὅᾰριδάκρυες
910 1257 1061 1316 ἀνέρες
1084 1257 1283 1314 ἐσθλοί4)
1312 1259 1459 1314 „aiunt
1489 1254 1690 1315 quidem''

191 1393 194 1396 ,
234 1346 375 1404 inquit
419 1346 594 1401 ,decere
639 1347 790 1390 fortem
835 1347 975 1389 virum
1020 1347 1066 1389 in
1106 1347 1233 1389 rebus
1275 1345 1462 1390 adversis
1501 1342 1687 1394 lacrimis

236 1433 474 1492 indulgere,
492 1434 525 1489 ⁵)
567 1434 642 1478 sed
683 1434 737 1478 ad
777 1435 1029 1478 muliebrem
1066 1449 1227 1478 morem
1259 1449 1303 1477 se
1334 1437 1579 1477 convertere
1609 1447 1695 1475 non

237 1522 342 1565 vult.
364 1515 399 1578 ⁶)
435 1510 637 1566 Dolorem
666 1522 798 1580 igitur
828 1523 987 1566 virtute
1019 1538 1234 1581 superare,
1268 1523 1399 1566 etiam
1429 1522 1475 1564 in
1506 1520 1696 1564 maximo

237 1610 367 1665 luctu,
398 1609 550 1654 heroes
581 1610 802 1668 Euripidei
832 1611 1192 1669 philosophantes,
1225 1611 1422 1668 exemplo
1448 1610 1502 1652 ab
1520 1607 1696 1651 Anaxa-

237 1712 342 1755 gora
371 1702 552 1756 sumpto,
585 1698 834 1742 didicerunt.
867 1699 1063 1756 Magistri
1095 1699 1208 1742 enim
1225 1699 1384 1753 laudes,
1404 1713 1538 1755 aequo
1555 1697 1696 1740 animo

218 1785 353 1829 -unici
382 1786 459 1829 filii
486 1786 759 1830 immaturam
785 1791 966 1831 mortem
993 1787 1182 1842 ferentis,
1210 1787 1338 1830 etiam
1365 1786 1410 1828 in
1433 1785 1587 1828 fabulis
1610 1784 1697 1827 suis

239 1871 467 1931 Euripides
497 1874 741 1918 celebravit.
768 1873 798 1929 ⁷)

286 2082 316 2124 ¹)
339 2081 439 2119 Med.
465 2085 532 2119 122
557 2095 634 2130 sqq.

288 2141 317 2188 ²)
341 2141 479 2178 Multos
511 2142 619 2178 huius
652 2142 753 2178 modi
786 2142 883 2178 locos
920 2142 1071 2189 collegit
1108 2154 1140 2177 v.
1166 2142 1211 2178 cl.
1237 2141 1506 2178 Herwerdenus
1541 2154 1625 2178 cum
1651 2142 1698 2178 ad

239 2199 316 2235 Ion.
349 2201 417 2236 381
451 2202 487 2236 et
521 2202 602 2245 969,
630 2201 667 2236 in
694 2201 857 2237 editione
881 2213 957 2245 sua,
982 2204 1063 2236 tum
1089 2201 1136 2237 ad
1162 2200 1201 2237 Ο.
1228 2201 1273 2236 R.
1299 2203 1381 2246 977,
1405 2201 1536 2246 quibus
1562 2201 1699 2238 addere

239 2258 368 2305 possis,
393 2258 425 2294 si
448 2260 542 2295 tanti
569 2263 633 2304 est,
658 2259 767 2295 Herc.
792 2260 880 2295 Fur.
909 2262 973 2296 101
999 2272 1076 2306 sqq.
1103 2281 1147 2286 —
1171 2263 1202 2305 ⁸)
1227 2263 1256 2295 Ι.
1283 2260 1327 2295 A.
1352 2262 1432 2295 448.

286 2317 315 2364 ⁴)
354 2317 431 2354 Hoc
461 2318 696 2364 proverbium
729 2319 892 2354 incertae
925 2319 1077 2365 originis
1111 2318 1264 2354 affertur
1288 2330 1310 2354 a
1335 2319 1468 2354 Zenob.
1493 2318 1521 2362 I,
1550 2321 1592 2354 14
1617 2321 1654 2354 et
1679 2331 1700 2355 a

240 2379 363 2415 Schol.
401 2379 450 2415 ad
485 2378 528 2414 Il.
564 2380 664 2422 XIX,
702 2381 735 2423 5,
774 2380 830 2415 his
868 2381 988 2416 verbis
1025 2381 1256 2427 praemissis:
1294 2378 1440 2419 πάντας
1466 2378 1551 2420 τούς
1577 2378 1700 2429 ἥρωας

240 2435 448 2483 ἁπλότητος
495 2436 612 2487 χάριν
655 2437 753 2485 ἄγει,
787 2438 1063 2488 Ἀγαμέμνονα,
1088 2437 1313 2489 Πάτροκλον,
1345 2438 1525 2484 Ὀδυσσέα,
1559 2437 1623 2486 ἐφ’
1657 2433 1703 2475 οὗ

240 2495 303 2532 καὶ
338 2493 410 2542 τήν
441 2494 657 2546 παραβολήν
680 2495 746 2544 τῆς
769 2497 890 2548 χήρας
918 2496 1068 2546 ἔλαβεν;
1093 2510 1186 2545 quae
1201 2499 1332 2534 ultima
1348 2498 1461 2534 verba
1477 2498 1697 2544 explicanda

239 2558 327 2592 sunt
351 2567 398 2592 ex
423 2554 490 2591 Od.
515 2553 616 2600 VHI,
639 2556 718 2592 523.
745 2576 788 2583 —
815 2557 841 2600 ⁵)
864 2556 946 2592 Hel.
972 2558 1054 2594 950.
1079 2577 1125 2585 —-
1151 2557 1182 2604 ⁶)
1206 2557 1256 2593 id.
1282 2556 1421 2602 991‚cf.
1439 2557 1538 2593 Med.
1560 2558 1640 2594 928.
1656 2577 1698 2584 -

287 2613 315 2659 ⁷)
341 2614 422 2650 Alo.
447 2614 528 2659 903,
552 2611 599 2649 cf.
625 2613 699 2650 Cic.
723 2614 831 2651 Tusc.
858 2615 1005 2661 Quaest.
1031 2615 1097 2661 111,
1126 2617 1180 2660 14,
1203 2615 1268 2653 ubi
1292 2616 1421 2652 similis
1447 2616 1628 2652 sententia
1652 2616 1700 2652 ab

239 2671 420 2720 Euripide
444 2670 484 2707 in
507 2682 663 2718 persona
686 2671 820 2709 Thesei
844 2673 963 2710 relata
986 2673 1182 2710 invenitur.
