2080 3314
947 344 1000 384 93

249 470 439 528 aliosque
468 469 621 512 talium
654 468 920 526 argutiarum
951 467 1222 525 indagatores
1253 468 1380 512 nimis
1397 469 1541 527 urgeri
1557 469 1705 527 nequit

248 556 328 600 hoc
383 559 698 613 argumentum,
759 554 977 613 Sophoclis
1021 569 1196 613 poeseos
1240 555 1462 612 ingenium
1507 555 1704 613 simplex,

251 644 400 701 altum,
446 643 720 700 magnificum
768 642 1016 686 abhoruisse
1062 658 1090 686 a
1135 643 1282 686 multis
1328 644 1504 700 artibus,
1550 643 1705 701 quibus

249 729 478 789 Euripides
506 745 608 775 usus
639 730 707 786 sit,
745 734 794 772 ut
824 730 1065 774 auditorum
1098 730 1262 774 animos
1292 730 1374 774 sibi
1403 730 1628 774 devinciat.

306 905 440 950 Aliud
469 908 714 966 exemplum
730 907 956 965 proferam,
985 907 1096 965 quod
1121 907 1242 950 nobis
1257 906 1467 965 imprimis
1483 905 1704 950 ostendere

248 998 387 1052 potest
416 1010 544 1053 quam
574 996 738 1039 lubrica
767 1000 810 1039 et
840 996 970 1039 dubia
999 996 1054 1038 sit
1083 1010 1227 1039 rerum
1257 999 1346 1039 tam
1363 994 1703 1038 absconditarum

248 1083 480 1140 indagatio.
522 1084 854 1127 Similitudinem
896 1085 1008 1127 inter
1050 1084 1261 1142 Oedipum
1297 1083 1463 1140 Regem
1503 1087 1547 1126 et
1586 1082 1706 1125 Peri-

250 1173 360 1216 clem
374 1174 578 1231 permulti
605 1174 634 1229 ¹)
668 1174 1078 1217 animadverterunt.
1113 1173 1207 1223 Quo
1234 1188 1278 1216 se
1294 1171 1562 1216 commendet
1577 1170 1708 1215 habet

250 1275 402 1305 revera
416 1261 463 1304 Η
475 1277 584 1305 erm
596 1277 663 1306 an
674 1263 725 1305 ni
747 1262 972 1306 sententia.
993 1262 1059 1305 Ob
1076 1263 1212 1305 scelus
1229 1261 1343 1304 enim
1360 1275 1484 1304 suum
1503 1259 1706 1318 Oedipus,

251 1349 305 1392 ob
349 1350 486 1393 scelus
514 1349 622 1392 illud
652 1349 893 1407 Cylonium,
936 1365 962 1393 a
1001 1350 1233 1393 maioribus
1274 1349 1360 1392 suis
1399 1351 1707 1406 perpetratum,

250 1437 438 1481 Pericles
485 1438 565 1494 diis
610 1438 739 1482 invisi
772 1443 871 1481 sunt
917 1452 1148 1496 eorumque
1179 1438 1291 1481 cives
1322 1437 1469 1480 morbo
1508 1436 1708 1494 pestifero

249 1529 476 1570 vexantur.
526 1525 714 1584 Oedipus
760 1530 803 1569 et
848 1526 1036 1569 Pericles
1066 1525 1302 1583 sapientiae
1333 1525 1459 1568 laude
1494 1525 1706 1579 florentes,

244 1614 411 1672 populis
456 1614 543 1656 suis
589 1615 860 1672 opitulanteS,
908 1615 1173 1658 oraculorum
1215 1619 1257 1657 et
1286 1628 1430 1657 rerum
1461 1613 1702 1655 divinarum

245 1706 368 1745 erant
396 1706 718 1760 contemptores.
751 1702 930 1746 Accedit
961 1702 1072 1760 quod
1103 1702 1383 1760 superstitiosi
1414 1701 1702 1744 Athenienses

244 1788 620 1834 Alcmeonidarum
646 1791 820 1846 crimen,
843 1790 1056 1833 oblivione
1085 1805 1216 1848 prope
1243 1790 1329 1832 iam
1346 1790 1649 1843 oblitteratum,
1676 1803 1702 1830 a

245 1878 594 1922 Lacedaemoniis
638 1893 774 1936 nuper
813 1878 953 1922 denuo
993 1878 1151 1921 Pericli
1181 1877 1477 1935 exprobatum,
1514 1875 1700 1918 rumina-

245 1966 402 2010 bantur
439 1967 532 2025 ipso
567 1971 770 2025 tempore,
809 1981 891 2024 quo
921 1967 1067 2009 fabula
1095 1967 1272 2009 fortasse
1303 1971 1397 2009 acta
1427 1970 1504 2022 est,
1536 1965 1588 2008 de
1619 1979 1701 2022 quo

246 2059 437 2113 tempore
475 2059 622 2099 tamen
661 2055 771 2098 nihil
811 2055 915 2098 certi
956 2059 1131 2098 constat.
1180 2054 1319 2104 Quam
1359 2055 1580 2112 utriusque
1619 2053 1702 2095 viri

247 2143 567 2187 similitudinem
598 2143 832 2187 Schoellius
853 2143 1002 2186 fulcire
1018 2147 1061 2186 et
1078 2158 1235 2200 augere
1252 2147 1428 2186 conatur
1444 2142 1701 2186 criminatio-

248 2245 303 2274 ne
343 2231 486 2287 allata,
517 2246 614 2289 qua,
646 2235 753 2275 teste
783 2231 1027 2287 Plutarcho,
1050 2231 1083 2286 ³)
1114 2232 1160 2273 in
1189 2231 1400 2274 Periclem
1431 2231 1521 2274 eius
1553 2230 1701 2273 adver-

248 2319 349 2363 sarii
388 2319 456 2362 usi
485 2323 605 2362 sunt:
637 2323 803 2378 patrem
834 2334 930 2363 cum
961 2320 1038 2362 filii
1069 2319 1310 2377 Xanthippi
1342 2333 1475 2362 uxore
1506 2332 1597 2361 rem
1627 2318 1702 2361 ha-

294 2492 320 2537 ¹)
344 2492 528 2528 Lebeau
547 2492 686 2535 jeune
712 2490 811 2526 Mem
845 2490 888 2526 de
912 2491 1054 2527 Z'Acad.
1079 2491 1225 2528 XXXV.

297 2551 324 2599 ⁴²¹)
349 2551 387 2587 C.
411 2551 452 2587 F.
478 2553 707 2586 Hermann
741 2549 975 2595 Quaestiones
1004 2550 1235 2596 Oedipodeae;
1261 2549 1387 2585 Bode
1411 2549 1574 2585 Histoire
1598 2548 1641 2584 de
1663 2548 1701 2584 la

242 2610 364 2656 poesie
403 2610 559 2655 Grecque
595 2621 657 2656 pg.
704 2610 790 2653 4003
829 2608 997 2644 Schoel
1042 2609 1091 2644 l.1.
1129 2620 1212 2655 pag.
1253 2611 1335 2653 169;
1371 2608 1636 2644 Lachmann
1662 2608 1699 2642 in

251 2670 444 2707 Niehburz'i
469 2668 567 2704 Mus.
596 2668 711 2704 Rhen.
736 2679 797 2714 pg.
824 2669 903 2702 303.
927 2689 971 2695 —-
997 2668 1023 2710 ³)
1051 2667 1145 2704 Plut.
1173 2667 1303 2704 Pericl.
1331 2670 1385 2710 13,
1412 2669 1468 2703 36.
