2080 3314
955 345 1007 386 77

257 470 472 515 civitatem
535 470 776 515 habitatum
839 471 1092 514 concesserit
1125 468 1171 526 ¹).
1250 469 1412 514 Eodem
1472 469 1565 512 iure
1630 484 1709 513 nec

259 557 372 602 servi
407 557 442 614 ²)
498 558 698 602 fruuntur
745 572 824 602 nec
880 558 1043 615 exules,
1092 557 1204 616 quod
1249 558 1302 600 iis
1348 561 1412 601 est
1470 556 1708 600 maximum

256 645 418 689 malum
439 643 487 701 ³).

315 818 475 870 Quanti
500 820 705 864 momenti
734 820 863 863 fuerit
887 820 935 862 in
950 819 1282 863 Atheniensium
1297 820 1388 863 vita
1417 818 1706 862 iurisdictio

256 907 570 952 considerantes
610 923 696 952 non
736 907 987 951 mirabimur
1016 911 1079 951 tot
1108 922 1231 952 voces
1261 911 1304 951 et
1334 907 1536 950 formulas
1566 921 1593 949 a
1621 909 1707 950 tra-

203 972 206 974 *
255 995 361 1052 gicis
391 1009 415 1038 e
445 995 749 1039 consuetudine
779 995 859 1039 fori
889 996 1044 1053 petitas
1076 1010 1179 1039 esse.

315 1081 500 1127 Causam
540 1098 660 1127 suam
701 1084 746 1126 in
786 1083 940 1127 iudicio
981 1098 1109 1140 agere
1149 1083 1300 1140 cuique
1328 1080 1423 1139 {civi
1453 1082 1606 1125 licebat
1636 1082 1710 1125 sed

256 1171 465 1229 inquilino
506 1176 550 1216 et
584 1187 706 1216 servo
747 1172 826 1215 hoc
855 1172 921 1214 ius
951 1176 1154 1229 negatum
1186 1175 1300 1228 erat3
1331 1174 1558 1228 patronum
1589 1172 1711 1227 (προ-

259 1258 436 1316 στάτην)
465 1259 598 1317 igitur
623 1261 696 1304 ille
713 1260 900 1318 aliquem
916 1275 940 1303 e
957 1259 1120 1303 civibus
1136 1259 1217 1302 sibi
1234 1259 1435 1317 adoptare
1450 1258 1632 1302 debebat
1661 1257 1710 1315 4);

258 1362 380 1391 servo
410 1362 512 1392 vero
541 1348 736 1392 dominus
765 1353 969 1406 patronus
1000 1348 1147 1391 aderat
1166 1347 1214 1405 ⁵).
1246 1347 1378 1390 Cuius
1408 1348 1471 1390 rei
1502 1347 1710 1390 rationem

258 1434 388 1480 habet
408 1435 595 1499 Tiresias
611 1435 645 1492 ὅ)
673 1436 891 1480 affirmans
923 1451 967 1479 se
997 1436 1181 1480 liberum
1207 1449 1293 1479 non
1323 1434 1518 1478 Creontis
1539 1449 1710 1478 servum

257 1537 364 1580 esse,
395 1537 528 1581 quare
567 1524 680 1567 nolle
720 1538 765 1568 se
803 1528 1022 1582 tamquam
1061 1522 1256 1567 Creontis
1298 1523 1467 1581 patroni
1511 1523 1710 1567 clientem

256 1611 467 1656 recenseri
505 1612 552 1654 in
592 1612 750 1655 tabulis
786 1611 979 1670 publicis.
1037 1611 1147 1655 Item
1188 1610 1490 1668 Agamemnon
1529 1611 1708 1667 Teucro,

257 1715 388 1758 quum
429 1715 452 1745 e
497 1705 635 1745 matre
681 1702 849 1759 captiva
879 1705 1005 1744 natus
1036 1704 1160 1756 esset,
1203 1700 1387 1743 civitatis
1427 1700 1493 1742 ius
1523 1700 1710 1756 abnegat

256 1802 438 1846 eumque
466 1788 585 1832 iubet
600 1789 733 1832 alium
748 1789 984 1846 ingenuum
1004 1803 1230 1845 arcessere,
1249 1788 1321 1845 qui
1338 1802 1508 1831 causam
1525 1802 1602 1845 pro
1618 1787 1709 1845 ipso

256 1877 367 1922 dicat
388 1877 433 1935 ⁷).
470 1878 632 1923 Eodem
662 1879 849 1937 pertinet
879 1878 1098 1936 Sophoclis
1127 1877 1306 1936 pulchra
1335 1878 1586 1936 metaphora
1607 1877 1709 1933 „deo

255 1970 433 2025 patrono
461 1966 553 2010 uti''
575 1967 623 2023 ⁸).

316 2053 503 2098 Heroica
557 2058 697 2099 aetate
752 2055 976 2112 homicida,
1019 2052 1160 2112 ἄνδρα
1210 2053 1438 2112 κατακτάς,
1486 2056 1709 2099 exulatum

257 2142 376 2187 abire
392 2143 568 2199 solebat,
600 2143 711 2201 quod
735 2144 876 2202 potius
892 2159 1009 2188 more
1027 2159 1155 2202 quam
1175 2145 1271 2201 lege
1287 2145 1446 2188 factum
1463 2159 1555 2188 esse
1571 2143 1708 2188 credo,

258 2230 448 2275 Theseus
467 2230 501 2287 ⁹)
531 2235 677 2275 contra
706 2231 940 2275 Herculem
970 2232 1116 2276 liberis
1145 2232 1380 2276 interfectis
1405 2232 1523 2275 iubet
1539 2232 1710 2276 Thebas

257 2319 500 2377 relinquere
540 2333 606 2363 ex
635 2320 785 2377 lege,
818 2320 936 2363 cuius
972 2320 1080 2378 legis
1112 2321 1372 2364 mentionem
1404 2320 1504 2364 facit
1533 2320 1709 2365 Demos-

304 2430 332 2475 ι)
356 2430 432 2466 1611.
458 2432 538 2467 671.
564 2449 612 2458 ·-
637 2430 664 2477 ²)
690 2429 826 2466 Phoen.
853 2430 932 2466 392.
959 2450 1002 2456 -
1028 2430 1056 2476 ³)
1080 2430 1130 2466 id.
1156 2432 1234 2467 391.

303 2493 330 2537 4)
354 2491 454 2528 Suid.
471 2493 495 2528 i.
520 2504 554 2529 v.
580 2495 712 2542 νέμειν
734 2492 959 2544 προστάτην,
985 2492 1143 2539 Hesych.
1169 2493 1194 2529 i.
1220 2504 1252 2530 v.
1276 2494 1499 2546 προστάτην.

307 2551 333 2595 ⁸)
357 2551 544 2588 Demosth.
569 2563 590 2587 6
615 2551 754 2588 Callicl.
779 2551 799 2598 ξ
825 2553 880 2596 31,
906 2563 936 2587 6.
962 2551 1121 2588 Nicostr.
1148 2552 1168 2600 ξ
1193 2554 1249 2588 21.
1277 2573 1319 2580 -
1344 2553 1371 2596 ⁶)
1398 2552 1438 2589 Ο.
1466 2552 1510 2590 R.
1535 2554 1616 2589 411.

311 2610 336 2655 ²)
363 2611 422 2647 Ai.
450 2613 549 2648 1260.
572 2630 620 2638 —
643 2610 672 2658 ⁸)
699 2610 739 2646 Ο.
765 2610 809 2647 R.
835 2612 916 2656 882,
941 2610 987 2646 cf.
1012 2611 1145 2647 Aesch.
1170 2611 1296 2659 Suppl.
1323 2614 1401 2649 726.

305 2671 333 2716 ⁹)
358 2671 465 2707 Herc.
491 2670 578 2706 Fur.
607 2672 694 2707 1322
720 2670 765 2706 cf.
792 2670 903 2716 Hipp.
928 2671 985 2716 27,
1009 2670 1108 2707 Med.
1135 2673 1213 2707 796.
