2080 3314
1075 371 1129 416 18

381 498 545 542 Adduci
574 499 651 541 vix
680 511 848 555 possum
865 501 912 540 ut
942 497 1121 553 credam,
1145 497 1254 554 quod
1270 502 1461 544 veterum
1477 498 1647 556 quidam
1673 499 1700 552 ¹)
1727 500 1817 545 bla-

379 589 533 639 terant,
565 588 746 642 poetam,
778 585 952 628 ineunte
981 588 1122 628 aetate
1150 585 1364 628 oraculum
1394 585 1601 641 quoddam
1628 587 1741 630 male
1754 587 1818 630 in-

379 675 669 728 terpretatum,
701 671 813 712 inter
842 670 1023 713 athletas
1053 671 1292 713 certavisse.
1353 670 1569 720 Quantum-
1599 673 1712 715 enim
1743 688 1816 716 ex-

379 758 541 801 colendi
572 758 702 800 animi
734 757 918 799 studium
960 758 1146 814 corporis
1159 772 1284 800 curae
1300 759 1587 814 praeposuerit
1603 757 1816 816 Antiopae

378 846 615 901 fragmenta
644 845 793 887 docent
811 842 858 899 2).

435 1016 629 1059 Fuerunt
682 1016 806 1058 multi
853 1015 1029 1058 Graecis
1072 1015 1180 1059 dies
1226 1016 1347 1059 festi
1393 1019 1436 1059 et
1479 1016 1814 1072 memoriales,

377 1118 554 1160 quorum
586 1103 823 1158 celebratio,
855 1103 1083 1160 posteriore
1114 1107 1252 1146 aetate
1283 1107 1386 1158 orta,
1423 1107 1568 1146 tamen
1595 1118 1621 1145 a
1645 1103 1816 1160 tragicis

376 1195 632 1233 memoratur
664 1194 738 1232 aut
766 1196 861 1232 cum
891 1189 1076 1246 mythico
1107 1193 1356 1246 argumento
1386 1189 1670 1245 coniungitur.

433 1277 921 1331 Panathenaeorum,
969 1276 1293 1333 splendidissimi
1333 1276 1441 1331 festi,
1474 1276 1583 1333 quod
1618 1276 1814 1333 gymnico

374 1364 614 1419 musiceque
631 1363 860 1406 certamine
876 1363 1179 1417 celebrabatur,
1197 1375 1282 1405 non
1297 1363 1518 1406 immemor
1534 1367 1599 1406 est
1612 1363 1762 1406 chorus
1780 1363 1814 1418 ³)

374 1450 419 1491 in
449 1450 700 1505 Heraclidis,
732 1450 803 1506 qui
833 1450 1072 1492 Minervam
1089 1450 1248 1492 cantico
1265 1450 1517 1506 supplicans,
1533 1449 1656 1493 deam
1673 1449 1814 1493 admo-

374 1542 447 1580 net
485 1538 692 1580 honorum
733 1538 1110 1594 sacrificorumque,
1148 1550 1223 1594 pro
1253 1538 1404 1594 quibus
1434 1552 1556 1594 opem
1586 1538 1813 1580 auxilium-

374 1638 455 1679 que
507 1624 839 1680 supplicantibus
879 1624 1043 1666 debeat.
1104 1624 1198 1666 Hoc
1242 1624 1347 1666 festo
1391 1625 1562 1680 peplum
1593 1624 1812 1666 Minervae

373 1710 535 1753 deferre
581 1711 772 1753 solebant
802 1715 1019 1752 matronae
1050 1714 1092 1753 et
1123 1710 1309 1766 virgines
1339 1709 1624 1753 nobilissimae
1653 1711 1699 1752 in
1729 1723 1811 1767 quo

372 1798 635 1854 potissimum
676 1812 756 1852 res,
789 1812 816 1840 a
844 1797 957 1840 Iovis
978 1797 1066 1839 filia
1095 1797 1141 1838 in
1171 1797 1399 1839 certamine
1429 1800 1573 1838 contra
1604 1795 1810 1852 Gigantes

373 1887 525 1939 gestas,
557 1885 692 1940 ipsam
724 1888 867 1927 autem
896 1883 1011 1926 haud
1041 1897 1136 1926 raro
1157 1883 1297 1926 currui
1326 1882 1593 1937 insidentem,
1626 1896 1704 1925 acu
1717 1882 1811 1939 pin-

372 1970 544 2026 gebant,
593 1984 676 2027 qua
714 1970 765 2012 in
806 1984 852 2012 re
882 1984 926 2012 se
956 1969 1146 2012 dominas
1175 1983 1276 2011 mox
1305 1968 1521 2011 adiuturas
1555 1981 1646 2011 esse
1676 1980 1809 2024 augu-

372 2061 520 2099 rantur
551 2057 757 2114 capitivae
788 2057 822 2099 si
852 2057 958 2099 forte
988 2055 1182 2099 Athenas
1211 2055 1515 2098 deducerentur
1536 2054 1584 2109 4).

429 2142 615 2186 Eaedem
652 2143 834 2185 feminae
862 2142 1033 2197 Delum,
1065 2156 1173 2198 quae
1202 2142 1341 2184 insula
1370 2156 1506 2198 neque
1537 2141 1590 2184 ad
1620 2141 1807 2185 fabulam

372 2242 509 2285 neque
554 2228 607 2271 ad
652 2229 819 2272 fabulae
864 2243 1064 2285 personas
1108 2228 1305 2285 pertinet,
1336 2228 1572 2284 insignibus
1612 2227 1806 2271 laudibus

371 2318 581 2359 extollunt
598 2315 645 2370 5).
706 2316 798 2358 Iam
829 2330 928 2358 vero
958 2314 1255 2369 Athenienses,
1286 2315 1425 2357 insula
1454 2315 1626 2371 expiata
1657 2314 1806 2370 Olym-

370 2405 504 2462 piadis
559 2402 847 2446 LXXXVIII
877 2417 988 2445 anno
1018 2402 1154 2457 tertio,
1186 2415 1330 2444 sacra
1360 2401 1572 2443 Deliaca
1601 2400 1804 2457 ludosque

418 2606 443 2650 ¹)
467 2606 520 2643 Cf.
542 2606 621 2648 Βίος
645 2605 682 2640 et
705 2601 787 2639 Aul.
813 2601 906 2639 Gen.
930 2601 1008 2647 XV,
1032 2603 1089 2638 20.
1112 2621 1158 2628 —
1197 2603 1209 2646 )
1234 2600 1380 2648 Fragm.
1407 2602 1484 2647 183,
1510 2612 1593 2650 sqq.

416 2665 445 2714 ⁸)
471 2664 614 2702 Heracl.
638 2665 718 2699 777.
743 2682 786 2689 -—-
812 2661 839 2706 4)
863 2661 949 2699 Hec.
973 2663 1042 2697 466
1067 2672 1145 2709 sqq.
1170 2681 1211 2688 —
1239 2660 1267 2707 ⁵)
1290 2660 1340 2697 id.
1364 2661 1432 2696 455
1455 2671 1536 2708 sqq.
