2080 3314
1054 397 1111 439 42

362 523 527 580 legibus
549 523 762 566 oboedire
806 522 1103 567 honestissima
1133 528 1230 567 sunt·
1260 526 1419 581 officia3
1457 525 1527 583 qui
1559 530 1706 569 contra.
1731 527 1801 571 ius

364 625 447 653 non
493 610 687 653 observat
733 610 989 656 Graecorum
1020 626 1284 654 communem
1315 613 1453 668 legem
1484 614 1613 656 violat
1632 614 1677 668 ¹),
1727 614 1800 659 sed

362 701 631 753 praeceptum
673 711 771 738 vere
809 696 1017 739 Graecum
1047 695 1130 752 est,
1163 713 1215 740 ne
1247 699 1338 755 quis
1369 714 1414 741 se
1443 700 1610 755 legibus
1639 701 1798 757 superi-

361 797 475 825 orem
506 797 595 824 esse
626 783 839 825 existimet
853 782 899 836 2).

420 869 675 912 Graecorum
707 873 771 911 est
799 875 997 925 cognatos
1026 885 1194 927 semper·
1221 872 1427 915 honorare
1450 873 1512 927 3),
1545 875 1622 916 toti
1653 878 1801 917 contra

360 956 579 998 barbarico
609 957 754 1011 generi
786 957 1050 1013 turpissimus
1081 958 1267 1000 incestus
1296 959 1552 1015 exprobatur
1567 959 1614 1013 4).

418 1043 639 1087 Libertate
691 1057 794 1099 erga
849 1044 1037 1101 hospites
1083 1044 1234 1087 Graeci
1281 1045 1471 1087 barbaris
1525 1047 1797 1088 antecellunt.

365 1129 553 1182 „Nemo”
586 1130 806 1172 Menelaus
837 1131 936 1173 dicit
952 1131 984 1185 5)
1021 1135 1132 1185 „tam
1163 1132 1368 1174 barbarus
1398 1132 1469 1188 qui
1499 1147 1595 1174 meo
1626 1133 1798 1176 nomine

360 1215 506 1258 audito
534 1216 673 1258 cibum
714 1217 818 1258 mihi
865 1217 1039 1260 daturus
1069 1233 1154 1260 non
1185 1218 1283 1259 sit.’‘
1341 1217 1470 1275 Apud
1500 1218 1685 1261 Thraces
1714 1219 1796 1262 for-

358 1306 469 1344 tasse
524 1303 586 1345 fas
642 1317 733 1345 esse
788 1303 996 1360 hospitem
1052 1305 1301 1359 interficere,
1356 1305 1527 1347 Graecis
1573 1320 1672 1348 vero
1719 1305 1797 1350 hoo

359 1393 481 1446 turpe
511 1389 659 1432 haberi
689 1389 985 1446 Agamemnon
1017 1391 1270 1448 Euripideus
1302 1392 1484 1434 affirmat
1502 1392 1548 1445 6).

416 1475 575 1531 Magna
614 1491 708 1518 cum
739 1477 1002 1532 ingenuitate
1033 1478 1276 1534 saepissime
1308 1479 1445 1520 exteri
1475 1493 1521 1521 se
1550 1479 1663 1535 ipsos
1694 1480 1792 1524 bar-

356 1563 478 1605 baros
510 1577 600 1605 esse
630 1563 872 1619 praedicant
889 1562 938 1618 ⁷),
969 1568 1011 1606 et
1040 1564 1175 1620 magis
1207 1565 1333 1606 etiam
1365 1580 1419 1607 ex
1449 1570 1597 1621 poetae
1614 1552 1794 1622 persona

358 1652 399 1691 et
429 1649 707 1691 recentiorum
739 1650 995 1692 Graecorum
1027 1651 1236 1693 sententia
1266 1652 1495 1707 loquuntur
1523 1652 1603 1708 ipsi
1635 1667 1681 1695 se
1706 1667 1793 1695 mo-

356 1735 472 1777 ribus
501 1736 754 1792 ingenioque
783 1737 923 1778 minus
955 1738 1097 1779 valere
1127 1738 1384 1780 confitentes.
1447 1738 1788 1793 Phoenissarum,

356 1825 403 1862 ut
442 1822 586 1878 paucis
617 1823 822 1879 exemplis
858 1811 1077 1879 defungar,
1110 1823 1259 1866 chorus
1290 1824 1504 1880 Polynicis
1534 1825 1665 1867 verba
1694 1839 1792 1881 pru-

356 1908 503 1951 denter
543 1909 654 1952 dicta
692 1910 849 1952 iudicat
891 1911 1082 1966 quamvis
1125 1911 1240 1966 ipsae
1281 1925 1365 1952 non
1407 1911 1494 1952 sint
1530 1911 1575 1952 in
1617 1910 1794 1954 Graecia

356 1994 554 2037 educatae
570 1995 616 2049 8).
649 1995 803 2050 Thoas,
835 2010 1090 2052 quamquam
1120 1996 1210 2052 ipse
1233 1996 1450 2050 barbarus,
1469 1997 1542 2038 ubi
1560 1997 1721 2039 audivit
1737 2012 1793 2039 ex

355 2081 580 2137 Iphigenia
596 2082 789 2124 Orestem
811 2086 990 2124 matrem
1008 2096 1127 2125 suam
1143 2082 1401 2124 interfecisse
1422 2097 1500 2136 „ne
1515 2083 1627 2125 inter
1641 2083 1792 2126 barba-

355 2182 421 2209 ros
452 2168 649 2224 quidem⁷’
681 2169 818 2225 inquit
853 2169 1097 2225 „quisquam
1125 2169 1209 2210 tale
1227 2169 1389 2210 facinus
1404 2183 1531 2211 ausus
1548 2169 1723 2212 fuisset²'
1742 2169 1788 2223 ὓ).
1845 2209 1848 2213 .

402 2333 430 2377 1)
457 2331 515 2368 Or.
543 2334 610 2367 494
636 2345 687 2378 sq.

400 2394 428 2437 2)
467 2393 526 2428 Or.
563 2396 631 2429 487
668 2393 714 2428 cf.
751 2394 891 2428 Thucd.
929 2394 956 2434 1,
993 2395 1038 2428 84
1061 2394 1320 2445 οἶμαθέστερον
1341 2394 1415 2431 τῶν
1436 2395 1566 2444 νόμων
1595 2394 1659 2443 τῆς
1679 2395 1790 2446 ὕπερ-

354 2456 463 2501 οψίας
502 2456 780 2504 παιδευόμενοι.
819 2475 866 2481 -
889 2456 918 2500 3)
946 2456 1600 2501 013486.-4)Α11ἁ1·.“17οιε]<].-ι-’5)
1617 2455 1788 2491 Hel.501.

400 2513 429 2558 6)
455 2512 542 2547 Hec.
570 2515 658 2548 1247
683 2524 760 2558 sqq.
1596 2524 1599 2528 ’
1648 2514 1651 2516 ’

400 2571 428 2613 ⁷)
456 2571 550 2606 Pers.
577 2573 654 2614 137,
680 2573 759 2615 255,
784 2573 864 2614 337,
888 2573 967 2611 423,
993 2573 1073 2605 4321.
1098 2570 1207 2606 Rhes.
1234 2572 1314 2606 404.
1339 2573 1418 2606 832.
1443 2570 1470 2605 l.
1496 2570 1536 2605 Τ.
1564 2573 1664 2606 1170.
1690 2572 1787 2606 1422.

353 2628 485 2668 Troad.
509 2631 589 2670 477,
614 2631 691 2669 766,
729 2630 808 2672 973,
832 2630 911 2670 991,
940 2630 1041 2671 1021,
1067 2630 1166 2664 1276.
1193 2629 1327 2664 Phoem
1352 2631 1430 2676 497,
1456 2630 1552 2677 1301,
1577 2631 1614 2663 et
1638 2627 1786 2678 passim.

400 2689 427 2733 ὅ)
455 2686 589 2722 Phoen.
614 2687 679 2726 497
707 2697 758 2737 aq.
787 2707 824 2712 -
857 2687 887 2738 ⁹)
912 2688 939 2726 I,
965 2686 1005 2720 Τ.
1037 2688 1148 2726 1174,
