2080 3314
944 313 999 355 87<

241 439 389 500 „quasi
417 438 584 497 θρόνου
611 438 868 496 τραγῳδικοῦ
896 439 1070 483 deorum
1100 439 1288 497 ipsorum
1314 439 1533 483 voluntate
1556 451 1582 480 a
1598 451 1700 481 sene

245 528 324 584 „ad
352 528 552 573 iuvenem
587 527 807 571 transferri
838 526 1064 571 videbatur
1095 541 1234 584 neque
1266 525 1414 569 dubito
1445 525 1550 583 quin
1579 538 1701 568 suam

245 630 436 675 „quoque
481 629 653 659 causam
699 614 926 672 Euripides
973 614 1210 672 respexerit
1257 613 1370 656 senis
1411 611 1615 670 decrepiti
1655 611 1702 653 in

247 704 471 760 „iuvenem
529 702 723 746 mutandi
778 706 976 745 conatum
1023 700 1380 760 repraesentando
1437 698 1510 754 ¹).'’
1575 697 1702 748 Quod

241 791 491 836 detestabile
543 805 669 834 omen
719 790 906 848 profecto
958 789 1108 833 fuisset
1155 790 1190 831 si
1246 786 1472 845 Euripides
1512 786 1701 844 primum

241 893 369 923 suum
424 882 640 922 certamen
707 881 992 935 comparasset
1054 891 1150 920 cum
1207 875 1482 919 Peliadarum
1549 877 1703 917 conatu

241 967 396 1011 misere
443 966 497 1010 ad
537 966 708 1008 irritum
750 965 933 1008 redacto.
983 965 1099 1007 Num
1139 964 1237 1007 talis
1267 960 1562 1020 interpretatio
1592 960 1698 1016 viro,

242 1070 348 1100 sana
393 1059 538 1099 mente
584 1054 790 1112 praedito,
840 1053 971 1110 digna
1019 1053 1114 1095 est?
1160 1050 1359 1094 Fortasse
1404 1063 1492 1092 non
1515 1047 1704 1105 amplius

243 1143 483 1201 tragoedias
527 1143 709 1200 legimus
754 1142 828 1185 sed
874 1140 1130 1198 aenigmata,
1173 1154 1282 1197 quae
1324 1153 1400 1182 nos
1448 1138 1704 1181 admoneant

247 1231 351 1287 ludi,
378 1231 451 1289 qui
476 1231 619 1289 pueris
646 1234 710 1273 est
734 1231 780 1272 in
806 1229 980 1284 deliciis,
998 1242 1129 1286 quum
1149 1226 1429 1270 iactabundus
1454 1239 1565 1268 unus
1581 1225 1705 1268 alteri

244 1319 362 1364 dicit:
394 1319 531 1374 video,
562 1318 699 1374 video,
732 1332 841 1376 quae
872 1322 921 1360 tu
951 1331 1038 1360 non
1069 1316 1200 1359 vides.

303 1493 405 1538 Uno
442 1489 611 1537 tantum
652 1493 849 1550 exemplo
888 1492 1104 1535 illustrare
1144 1491 1239 1534 volo
1269 1504 1398 1548 quam
1428 1488 1574 1532 multis
1604 1503 1701 1534 con-

243 1587 428 1643 iecturis,
459 1585 692 1644 ingeniosis
723 1585 893 1643 quidem
924 1585 998 1628 sed
1013 1584 1185 1627 incertis
1202 1587 1245 1626 et
1261 1583 1412 1637 dubiis,
1431 1596 1518 1624 una
1533 1584 1702 1624 tantum.

243 1675 463 1733 tragoedia
483 1674 708 1717 materiem
731 1672 990 1731 praebuerit.
1023 1672 1089 1715 De
1106 1686 1219 1714 anno
1235 1685 1317 1728 quo
1348 1668 1702 1712 Andromache

243 1764 308 1808 in·
326 1777 496 1807 scenam
541 1762 745 1820 producta
791 1761 846 1804 sit
892 1776 978 1804 non
1011 1760 1113 1804 satis
1144 1763 1308 1803 constat
1340 1758 1414 1802 sed
1447 1773 1471 1801 e
1502 1756 1701 1814 flagranti

243 1851 352 1907 odio,
383 1865 477 1909 quo
495 1853 621 1908 poeta
651 1849 883 1907 Spartanos
914 1849 1183 1907 prosequitur
1202 1850 1379 1905 apparet
1396 1846 1585 1893 fabulam
1603 1848 1703 1888 ante

244 1954 406 1999 pacem,
437 1939 562 1982 Nicia
591 1942 763 1982 auctore
792 1937 1033 1981 restitutam
1064 1936 1200 1992 (421),
1233 1939 1372 1978 actam
1389 1949 1493 1977 esse.
1521 1933 1704 1976 Numeri

247 2028 362 2072 enim
377 2027 504 2087 huius
520 2027 703 2082 fabulae,
715 2025 903 2069 medium
915 2028 1112 2069 tenentes
1123 2024 1236 2067 inter
1253 2023 1473 2080 antiquam
1485 2021 1703 2079 Euripidis

247 2115 517 2160 severitatem
547 2118 590 2158 et
628 2114 907 2158 recentiorem
936 2112 1269 2170 negligentiam,
1301 2111 1412 2154 hanc
1441 2109 1704 2166 tragoediam

247 2204 350 2248 belli
379 2202 728 2260 Peloponnesiaci
757 2202 951 2245 renovati
981 2201 1161 2258 tempori
1192 2200 1409 2256 assignare
1440 2201 1649 2241 recusant.
1671 2195 1705 2252 2)

245 2292 421 2347 Locum,
453 2305 535 2348 quo
565 2289 940 2334 vehementissime
970 2293 1096 2347 poeta
1126 2286 1483 2331 Lacedaemonios
1513 2286 1702 2342 sugillat,

295 2521 320 2565 ι)
344 2521 516 2567 Hartung
540 2519 635 2565 Eur.
662 2520 762 2556 Rest.
787 2519 816 2565 1,
842 2521 900 2564 59,
925 2521 979 2556 60.
1009 2539 1049 2545 —-
1065 2520 1092 2560 2)
1110 2518 1299 2564 Quomodo
1313 2529 1550 2554 numerorum
1563 2517 1706 2554 confor-

250 2580 363 2617 matio
399 2579 448 2615 ad
473 2579 700 2625 singularum
726 2578 939 2614 fabularum
963 2578 1117 2614 actionis
1150 2580 1292 2623 tempus
1319 2577 1567 2613 definiendum
1608 2577 1710 2613 utilis

253 2650 335 2675 esse
367 2638 488 2686 possit
523 2637 631 2673 docet
654 2637 821 2673 Fixius
849 2636 973 2673 Ghron
989 2637 1077 2679 sab.
1100 2636 1194 2672 Eur.
1219 2647 1303 2682 pag.
1330 2635 1428 2673 VIII.
