2080 3314
918 336 999 380 123

230 467 466 525 digniorem
514 467 770 512 sententiam
815 467 910 521 fert,
944 466 1046 509 satis
1072 467 1184 510 clare
1215 468 1405 524 apparet,
1428 464 1502 508 sed
1522 478 1683 518 earum,

231 571 339 615 quae
368 561 460 598 tum
490 553 675 598 Athenis
705 554 921 608 vivebant,
953 569 1091 597 mores
1107 555 1358 611 plerumque
1380 551 1684 610 corruptissimi

231 645 322 688 eius
351 643 687 700 indignationem
717 646 951 685 moverant.

288 731 387 775 Non
435 735 601 775 tantum
651 744 942 788 quaecumque
988 729 1134 772 dicunt
1174 728 1433 787 Euripideae
1478 742 1685 786 personae

230 819 305 863 sed
333 820 463 863 etiam
493 819 737 877 disputandi
767 818 916 862 modus
946 833 1098 876 parum
1125 832 1221 861 cum
1237 818 1376 876 prisca
1397 817 1474 860 illa
1489 816 1687 860 facundia

231 907 437 964 congruit.
478 907 569 951 Nec
608 907 784 949 mirum!
829 906 1057 964 Euripides
1100 906 1215 949 enim
1246 906 1411 949 fabulas
1442 904 1688 962 conscripsit

231 995 394 1038 civibus
431 995 532 1050 suis,
563 994 650 1052 qui,
682 1008 778 1037 cum
809 994 981 1037 comitia
1013 997 1056 1037 et
1086 993 1242 1036 iudicia
1270 997 1363 1036 tum
1394 992 1613 1036 rhetorum
1645 995 1687 1035 et

231 1083 515 1142 sophistarum
561 1082 724 1126 scholas
769 1082 1040 1140 frequentare
1087 1082 1213 1137 soliti,
1262 1082 1392 1125 etiam
1436 1079 1489 1124 in*
1524 1081 1687 1139 pulpito

233 1170 518 1228 eloquentiam
565 1170 711 1227 magni
757 1170 1044 1213 aestimabant
1094 1174 1137 1212 et
1183 1169 1516 1212 admirabantur.
1572 1169 1689 1211 Hinc

231 1259 416 1316 intelligi
448 1263 624 1317 possunt
653 1259 753 1302 illae
784 1259 1080 1315 digressiones,
1111 1273 1238 1316 saepe
1272 1272 1442 1316 prorsus
1477 1273 1503 1301 a
1518 1258 1688 1301 fabulae

234 1350 486 1404 argumento
526 1347 705 1401 alienae,
747 1346 811 1388 illi
847 1346 1005 1403 dialogi
1036 1345 1410 1403 disceptationibus
1451 1345 1688 1389 forensibus

233 1434 484 1490 consimiles,
531 1435 607 1478 illa
652 1438 841 1478 tortuosa
887 1434 1255 1492 philosophemata
1295 1449 1404 1492 quae
1446 1434 1686 1492 EuripideS‚

231 1523 324 1580 ipse
363 1509 531 1565 Prodici
572 1525 615 1564 et
647 1521 918 1578 Protagorae,
952 1523 1159 1565 clarorum
1191 1522 1488 1580 sophistarum,
1522 1523 1689 1565 auditor

232 1610 278 1653 in
323 1611 443 1653 nulla
483 1625 568 1654 non
604 1610 836 1667 tragoedia,
878 1610 1082 1653 dramatis
1119 1625 1410 1668 personarum,
1443 1611 1532 1654 sive
1564 1626 1687 1668 reges

232 1699 324 1742 sive
368 1698 479 1742 servi
525 1702 637 1754 sunt,
685 1699 864 1742 orationi
908 1699 1139 1741 immixuit.
1188 1699 1468 1756 Protagoram
1499 1699 1685 1758 primum

172 1794 178 1799 ’
233 1787 444 1830 elocutum
471 1801 564 1830 esse
594 1784 692 1841 περὶ
721 1785 885 1834 παντὸς
915 1784 1172 1843 πράγματος
1200 1785 1279 1829 δύο
1309 1785 1459 1841 λόγους
1486 1780 1594 1829 εἶναι
1611 1785 1685 1830 α’ν-

231 1879 496 1928 τικειμένους
526 1871 729 1932 ἀλλήλοις
759 1874 976 1931 Diogenes
1006 1875 1186 1918 Laertes
1206 1873 1239 1929 1)
1272 1879 1416 1918 auctor
1448 1879 1524 1931 est,
1559 1890 1686 1933 quam

235 1962 490 2007 sententiam
521 1977 641 2006 suam
682 1963 782 2006 facit
822 1963 1062 2021 Euripides,
1095 1964 1173 2006 sub
1203 1962 1460 2022 Amphionis
1505 1979 1689 2022 persona

236 2051 471 2098 affirmans:
504 2049 539 2105 2)

408 2137 456 2179 ἐκ
485 2137 646 2186 παντὸς
674 2137 733 2180 ἄν
761 2153 821 2187 τις
850 2136 1105 2196 πράγματος
1133 2140 1286 2182 δισσῶν
1314 2138 1450 2194 λόγων

409 2224 560 2280 α’γᾱῒνα
590 2224 697 2268 θεῖτ’
730 2224 800 2281 ἄν,
833 2225 874 2268 εἶ
899 2226 1034 2280 λέγειν
1063 2226 1126 2284 εἴη
1156 2226 1302 2282 σοφός.

294 2312 391 2363 Qua
433 2312 599 2356 dicendi
639 2314 803 2358 ratione
838 2296 883 2357 in
914 2315 1142 2372 tragoediis
1173 2316 1260 2358 suis
1290 2315 1463 2359 uberius
1493 2330 1593 2358 usus
1625 2320 1689 2359 est

218 2399 476 2458 ‚Euripidem
508 2401 626 2443 cuius
657 2401 702 2443 in
734 2401 888 2445 fabulis
921 2417 1127 2460 personae
1169 2403 1495 2461 disceptationes
1528 2418 1688 2447 venan-

235 2480 314 2532 tes,
372 2477 550 2533 argutiis
605 2477 841 2533 gaudentes
896 2479 1090 2535 quamvis
1136 2494 1226 2523 rem
1272 2480 1395 2524 modo
1440 2480 1687 2536 defendunt,

285 2683 313 2730 ¹)
338 2682 445 2730 Diog.
471 2682 593 2719 Laert.
618 2682 682 2729 IX,
708 2684 763 2719 51.
787 2703 835 2710 -
873 2684 886 2730 )
914 2683 1003 2720 Eur.
1028 2683 1159 2732 fragm.
1188 2686 1264 2721 189.
