2080 3314
929 372 982 417 59

231 501 528 560 Tyrrheni,
559 502 688 546 tubae
717 503 961 546 inventores
980 499 1026 557 ¹),
1057 501 1300 545 habitantes
1331 500 1384 544 ad
1413 514 1532 543 mare
1573 498 1680 557 Tyr-

230 593 412 636 rhenum
435 591 492 648 2);
539 592 760 647 Veneti,
814 592 1096 635 nobilissimos
1142 605 1270 648 equos
1317 591 1478 633 alentes
1494 585 1552 645 3);
1600 588 1682 631 Li-

231 693 408 737 gures,
473 679 626 736 quibus
681 679 890 723 Hercules
936 680 1097 723 bellum
1143 679 1288 722 intulit
1309 671 1357 734 4),
1405 678 1479 722 ubi
1529 690 1682 735 magae

231 766 376 811 Circes
405 767 546 825 patria
575 771 639 811 est
653 766 701 822 5).

287 853 454 896 Σικελοί
491 855 537 896 in
584 859 778 898 extrema
819 855 1034 912 Odysseae
1074 860 1195 912 parte
1226 855 1394 912 saepius
1425 858 1467 897 et
1497 854 1628 896 semel
1647 853 1680 908 6)

229 943 406 1000 Σικανίη
449 943 641 1002 occurrit,
690 944 764 986 sed
809 945 926 987 nullo
971 945 1060 987 loco
1106 944 1232 985 huius
1268 944 1413 1001 populi
1443 943 1513 985 vel
1544 945 1682 984 terrae

231 1030 338 1074 fines
388 1029 696 1073 describuntur.
751 1031 834 1073 His
879 1031 1021 1074 verbis
1049 1030 1054 1034 ”
1069 1030 1097 1074 S
1109 1031 1124 1072 i
1136 1045 1157 1073 c
1169 1045 1197 1072 u
1209 1032 1223 1073 l
1235 1045 1259 1073 o
1271 1045 1291 1072 s
1337 1034 1380 1073 et
1426 1029 1455 1073 S
1466 1030 1481 1072 i
1493 1044 1515 1072 c
1525 1029 1541 1071 i
1551 1030 1567 1071 1
1578 1030 1592 1071 i
1604 1044 1630 1072 a
1639 1043 1683 1071 m
1752 1074 1755 1077 ,

233 1116 471 1169 Homerum
516 1118 769 1175 prudentem
815 1122 858 1162 et
904 1119 1106 1161 scientem
1147 1118 1355 1160 indicasse
1395 1131 1481 1160 non
1511 1117 1685 1174 dignam

234 1205 316 1249 fide
345 1207 602 1249 sententiam
633 1207 843 1250 existimo.
877 1207 970 1256 Quo
1002 1207 1126 1250 modo
1157 1206 1270 1250 enim
1302 1206 1516 1250 Homerus
1557 1204 1686 1248 meris

232 1293 280 1336 in
323 1293 478 1337 fabulis
523 1309 712 1350 versans,
760 1295 834 1337 ubi
875 1295 928 1338 de
969 1295 1183 1338 occidente
1224 1295 1326 1351 agit,
1369 1297 1529 1337 certam
1559 1293 1686 1335 huius

233 1381 399 1425 insulae
439 1382 635 1426 notitiam
675 1382 834 1426 habere
873 1383 1043 1440 potuit?
1085 1382 1258 1425 Sicanos
1296 1386 1338 1425 et
1369 1381 1544 1436 Siculos,
1583 1395 1686 1438 quos

234 1469 428 1512 nonnulli
445 1467 478 1525 τ)
498 1498 503 1502 -
523 1470 692 1514 eosdem
738 1471 867 1514 fuisse
913 1475 1078 1528 putant,
1127 1470 1396 1527 Thucydides
1439 1469 1683 1525 distinguit:

233 1557 328 1600 illos
373 1557 487 1600 enim
532 1558 704 1601 natione
761 1557 960 1613 Hiberos,
1008 1558 1080 1614 qui
1125 1558 1171 1599 in
1218 1557 1406 1600 Siciliam
1452 1557 1687 1612 migrantes

234 1658 391 1688 nomen
432 1659 556 1688 suum
586 1645 752 1688 insulae
782 1645 989 1700 dederint,
1021 1645 1098 1688 hos
1128 1645 1324 1687 Italicam
1354 1649 1526 1701 gentem
1558 1644 1687 1686 fuisse

234 1731 442 1790 perhibet,
496 1746 618 1789 quae,
666 1732 773 1775 freto
818 1733 1007 1787 traiecto,
1055 1733 1143 1775 fere
1173 1733 1372 1775 trecentis
1419 1732 1542 1774 annis
1589 1736 1688 1774 ante

236 1819 493 1863 Graecorum
538 1820 584 1862 in
630 1820 819 1863 Siciliam
860 1821 1105 1876 adventum,
1147 1821 1286 1863 denuo
1328 1834 1483 1863 nomen
1522 1820 1687 1862 insulae

235 1908 465 1950 mutaverit
480 1904 527 1962 ὅ).
570 1908 767 1951 Niebuhr
808 1908 1046 1952 Siculorum
1084 1909 1292 1965 originem
1323 1909 1368 1950 in
1399 1908 1530 1965 Epiro
1561 1921 1688 1964 quae-

236 1995 413 2039 rendam
454 2010 546 2039 esse
582 2001 705 2054 putat
721 1997 768 2052 9),
801 1997 912 2054 quod
943 1998 977 2039 si
1008 2012 1157 2040 verum
1199 2002 1263 2040 est
1294 1996 1531 2040 Homerum
1562 1996 1688 2038 huius

236 2087 376 2126 terrae
405 2084 564 2127 incolas
594 2085 779 2128 voluisse
810 2100 895 2128 non
925 2085 1072 2143 inepta
1101 2086 1342 2128 coniectura
1372 2089 1448 2128 est.
1482 2084 1604 2134 Quod
1636 2084 1689 2127 ad

238 2170 451 2213 Sicaniam
482 2172 596 2228 apud
625 2172 863 2216 Homerum
895 2177 1267 2217 commemoratam
1285 2173 1449 2227 attinet,
1472 2172 1550 2214 hoc
1566 2172 1690 2214 modo

237 2273 328 2302 rem
374 2259 700 2316 explicaverim:
754 2261 931 2304 fortasse
977 2261 1031 2304 ad
1076 2265 1226 2318 poetae
1268 2275 1392 2303 aures
1421 2261 1607 2302 incertus
1638 2259 1690 2302 de

236 2345 318 2389 hac
361 2350 478 2390 terra
520 2361 664 2390 rumor
708 2353 975 2405 pervenerat,
1023 2349 1091 2391 cui
1132 2349 1222 2405 ipse
1262 2348 1389 2391 fidem
1426 2347 1585 2390 habere
1615 2347 1692 2388 vix

285 2451 315 2497 ¹)
340 2450 439 2486 Med.
466 2451 566 2494 1342,
594 2451 683 2486 1359
707 2450 752 2486 cf.
779 2462 863 2497 pag.
887 2453 921 2486 2.
949 2471 994 2477 —
1021 2452 1050 2498 2)
1078 2451 1185 2497 Soph.
1211 2452 1343 2497 fragm.
1370 2453 1448 2486 527.

282 2509 314 2556 3)
339 2509 450 2554 Hipp.
474 2510 554 2552 230,
582 2510 680 2543 1131.
714 2529 757 2559 .-
782 2511 810 2552 4)
837 2509 969 2545 Aesch.
1003 2509 1135 2555 fragm.
1164 2511 1241 2553 196,
1267 2509 1376 2555 Soph.
1402 2509 1535 2555 fragm.
1564 2509 1643 2544 527.

283 2567 314 2610 5)
339 2566 472 2602 Troad.
499 2567 580 2602 437.
605 2584 649 2592 ν
679 2569 707 2608 6)
734 2566 800 2602 Οᾶ.
826 2567 959 2611 XXIV,
985 2570 1062 2604 307.

285 2623 316 2671 ⁷)
342 2624 584 2661 Wachsmuth
609 2625 712 2661 Hist.
738 2625 843 2662 Rom.
868 2638 952 2672 pag.
978 2628 1033 2662 75.
1066 2647 1101 2652 —
1129 2630 1157 2668 8)
1185 2625 1327 2662 Thucd.
1357 2625 1419 2673 VI,
1440 2628 1474 2662 2.

285 2686 315 2733 9)
341 2685 444 2720 Mus.
476 2683 592 2722 Rhm.
618 2684 646 2729 Ι,
670 2696 754 2735 pag.
780 2686 859 2724 255.
