2080 3314
725 779 1042 824 CAPUT
1119 779 1200 822 ΙΠ.

824 990 881 1022 DE
913 989 1117 1021 ARTIBUS.

868 1176 1075 1183 -——-—

300 1358 431 1403 Artes
475 1360 690 1404 homerica
734 1364 875 1404 aetate
921 1376 1007 1404 non
1053 1376 1313 1420 magnopere
1344 1362 1534 1404 excultas
1565 1360 1696 1404 fuisse

242 1461 339 1491 oum
393 1462 450 1490 ex
501 1447 681 1491 Homeri
717 1448 976 1491 carminibus
1021 1453 1112 1491 tum
1160 1464 1183 1492 e
1230 1449 1442 1492 thesauris
1487 1463 1624 1505 nuper
1670 1463 1695 1490 a

243 1517 543 1578 Sehliemanno
582 1535 775 1593 Mycenis
814 1537 994 1593 repertis
1034 1540 1221 1594 apparet.
1265 1536 1360 1579 Seio
1399 1536 1595 1593 equidem
1636 1536 1698 1578 ita

242 1624 398 1667 multas
438 1624 706 1681 quaestiones
747 1625 885 1668 adhuc
915 1626 1113 1668 obscuras
1144 1626 1383 1682 multasque
1414 1624 1696 1667 dubitationes

242 1711 430 1755 nondum
487 1712 675 1755 sublatas
731 1727 946 1755 connexas
1003 1728 1093 1756 esse
1141 1728 1236 1755 cum
1283 1712 1350 1754 his
1396 1716 1607 1755 vetustate
1655 1716 1697 1755 et

242 1799 418 1843 raritate
458 1799 716 1843 notabilibus
758 1800 949 1857 reliquiis
989 1804 1037 1842 ut
1076 1800 1379 1843 haesitaverim
1410 1815 1513 1843 num
1544 1800 1623 1843 hoe
1652 1801 1697 1843 in

242 1886 388 1936 libello
443 1887 533 1930 eius
589 1887 651 1930 rei
707 1887 812 1930 mihi
870 1888 977 1931 ratio
1035 1888 1233 1931 habenda
1279 1888 1345 1930 sit.
1403 1888 1522 1930 Viris
1553 1893 1696 1931 tamen

242 1973 492 2017 doctissimis
505 1972 536 2029 1)
553 1975 856 2032 praeeuntibus
873 1975 1094 2018 thesauros
1106 1975 1276 2018 effossos
1289 1975 1341 2018 ad
1354 1976 1581 2019 remotiora
1590 1981 1696 2019 tem-

242 2075 359 2124 pora,
391 2075 500 2119 quae
529 2062 709 2106 Homeri
739 2066 855 2106 aetas
885 2063 1057 2120 exeipit,
1088 2063 1203 2105 haud
1233 2067 1393 2106 temere
1423 2064 1572 2106 refero.

301 2148 464 2192 Multae
493 2149 664 2207 quidem
694 2164 761 2194 res
792 2150 846 2193 ad
876 2151 1147 2208 quotidianae
1178 2151 1292 2194 vitae
1319 2166 1444 2194 usum
1461 2151 1696 2195 destinatae

244 2239 288 2279 et
331 2239 424 2280 arte
469 2237 652 2294 quadam
697 2237 834 2281 factae
879 2238 1175 2282 deseribuntur
1217 2243 1260 2282 et
1305 2238 1584 2282 inveniuntur
1623 2239 1698 2282 sed

243 2322 420 2367 deerant
448 2323 531 2368 ista
559 2328 699 2369 aetate
728 2325 937 2383 pictorum
964 2330 1007 2369 et
1023 2327 1283 2384 sculptorum
1304 2340 1456 2370 revera
1471 2326 1695 2382 artificum,

296 2490 320 2535 ¹)
344 2491 416 2528 Cfr.
466 2491 629 2529 Bulletin
664 2491 707 2527 de
744 2490 1060 2537 eorrespomzance
1096 2493 1308 2538 Hellenique
1348 2493 1453 2530 Avril
1480 2494 1582 2538 1878,
1610 2505 1695 2540 pag.

245 2551 332 2587 281:
374 2550 463 2586 »Les
489 2550 726 2586 deeouvertes
750 2550 796 2586 de
820 2550 992 2596 Mycenes
1018 2551 1167 2587 doivent
1194 2551 1334 2587 former
1358 2552 1392 2586 le
1417 2551 1578 2598 premier
1602 2555 1639 2588 et
1663 2553 1698 2588 le

244 2608 328 2655 plus
374 2608 505 2645 ancien
542 2608 710 2655 chapitre
748 2609 794 2645 de
830 2608 1010 2648 l'histoire
1046 2609 1111 2648 des
1150 2610 1352 2663 antiquites
1390 2609 1482 2646 dans
1519 2610 1573 2646 les
1609 2622 1699 2663 pays

246 2666 374 2722 grece?
398 2687 444 2694 —
467 2669 641 2712 Dumont,
