2080 3314
993 320 1018 360 5

280 450 393 509 apud
423 450 606 494 Graecos
635 448 822 505 mythico
848 451 1037 504 tempore
1060 446 1290 503 posteriora
1306 451 1582 489 monumenta
1597 447 1731 503 poetis

279 550 416 581 novae
454 535 624 579 fabulae
663 537 963 590 argumentum
1004 546 1308 589 saepenumero
1355 532 1573 576 dederunt.
1628 533 1727 576 Huc

278 637 444 682 quoque
483 622 669 680 pertinet
709 620 906 664 omnibus
946 620 1113 677 populis
1155 620 1388 662 communis
1445 635 1535 663 mos
1581 621 1729 675 multa,

278 724 458 769 quorum
497 709 616 766 origo
652 712 727 752 aut
755 708 880 751 initia
915 707 1063 764 ignota
1092 708 1189 762 sint,
1222 707 1277 750 ad
1307 721 1518 751 summam
1549 708 1732 766 antiqui-

277 802 411 841 tatem
441 795 667 840 referendi:

335 883 551 939 Materies,
582 883 750 941 proprie
781 897 807 926 a
837 882 1068 940 posteriora
1099 885 1238 925 aetate
1254 882 1408 937 aliena,
1426 882 1488 925 ita
1516 873 1731 925 interdum

279 987 306 1015 a
343 972 479 1029 poetis
518 975 699 1014 tractata
739 974 781 1013 et
811 970 1071 1013 conformata
1114 974 1190 1025 est,
1233 974 1280 1012 ut
1320 970 1553 1026 imaginem
1584 984 1730 1027 quam-

278 1059 376 1102 dam
410 1058 701 1116 exprimerent
730 1071 876 1100 eorum
907 1071 1028 1114 quae,
1047 1071 1129 1114 quo
1143 1060 1334 1114 tempore
1350 1057 1496 1100 fabula
1511 1057 1730 1113 agebatur,

278 1146 467 1190 maxime
507 1146 810 1203 spectatoribus
850 1145 963 1188 cordi
1004 1149 1144 1188 essent
1185 1149 1259 1188 aut
1298 1149 1347 1187 ut
1376 1149 1485 1188 tecte
1515 1145 1731 1188 hominem

279 1224 474 1278 omnibus
530 1238 677 1276 notum
728 1233 1028 1289 significarent.
1092 1232 1211 1282 Quae
1241 1236 1480 1290 temporum
1510 1233 1731 1276 translatio

279 1322 401 1365 nobis
445 1321 671 1364 utilissima
716 1324 827 1363 esset
874 1320 927 1363 ad
973 1324 1154 1377 tempus,
1202 1335 1285 1377 quo
1325 1321 1470 1363 fabula
1510 1321 1632 1364 docta
1662 1321 1729 1375 sit,

279 1408 616 1452 constituendum
647 1408 682 1450 si
709 1411 942 1450 scrutantes
973 1422 1022 1451 eo
1051 1422 1268 1465 possemus
1298 1408 1521 1465 pervenire
1551 1412 1599 1450 ut
1628 1408 1732 1451 certi

278 1495 439 1553 aliquid
478 1480 647 1538 decerni
688 1498 828 1552 posset
869 1499 912 1537 et
942 1498 1088 1537 contra
1117 1495 1243 1537 huius
1274 1495 1386 1538 modi
1417 1495 1731 1538 anachronismi

277 1583 459 1640 vestigia
498 1583 662 1626 facilius
692 1582 993 1639 indagaremus
1033 1583 1068 1624 si
1110 1583 1161 1625 de
1199 1598 1324 1637 anno,
1357 1598 1439 1640 quo
1466 1583 1572 1626 haec
1601 1584 1730 1627 illave

277 1671 423 1715 fabula
462 1674 558 1714 acta
598 1670 652 1712 sit
692 1670 794 1712 satis
834 1674 1057 1713 constaret.
1102 1670 1217 1712 Hinc
1258 1671 1340 1712 viri
1381 1671 1610 1713 doctissimi
1643 1671 1728 1714 iam

278 1760 353 1803 diu
406 1760 453 1802 in
497 1759 602 1807 talia
646 1759 862 1816 inquirere
908 1763 1149 1815 coeperunt,
1191 1759 1405 1801 interdum
1446 1759 1729 1816 prosperrimo

278 1852 446 1891 utentes
476 1851 646 1902 eventu,
679 1847 846 1904 saepius
876 1846 922 1888 in
953 1846 1080 1888 meris
1112 1846 1361 1888 coniecturis
1394 1850 1624 1889 versantes.

338 1935 527 1985 Quorum
567 1935 757 1979 omnium
794 1935 1002 1992 exemplis
1032 1935 1172 1977 allatis
1202 1949 1271 1977 me
1302 1935 1403 1977 satis
1434 1935 1561 1991 plane
1593 1939 1731 1977 osten-

280 2023 380 2066 dere
426 2037 547 2080 posse
591 2026 693 2080 puto
724 2036 851 2079 quam
882 2023 1018 2064 multa
1048 2025 1090 2064 et
1123 2026 1283 2078 quanta
1313 2037 1337 2064 e
1368 2022 1539 2078 tragicis
1570 2021 1731 2065 discere

280 2112 501 2169 possimus,
533 2126 642 2169 quae
672 2111 726 2154 ad
754 2111 942 2168 ipsorum
973 2114 1156 2154 aetatem
1187 2111 1440 2168 pertineant.
1494 2110 1728 2165 Interdum,

279 2199 438 2241 iustum
478 2199 577 2242 huic
612 2200 756 2241 libello
786 2199 958 2242 modum
990 2199 1188 2253 facturus,
1221 2198 1360 2255 capita
1389 2212 1532 2241 rerum
1563 2202 1730 2241 tantum

281 2287 490 2343 attingam
536 2291 580 2329 et
624 2286 791 2343 saepius
822 2300 888 2328 res
919 2285 1063 2342 paucis
1095 2285 1312 2327 absolvam
1342 2285 1417 2327 ubi
1447 2285 1571 2327 certis
1602 2300 1728 2342 argu-

281 2374 435 2417 mentis
482 2372 827 2416 anachronismus
874 2373 1153 2416 demonstrari
1200 2387 1285 2415 non
1331 2376 1480 2429 potest.
1543 2371 1614 2413 Ad
1650 2372 1730 2415 1100

281 2462 397 2506 enim
438 2475 542 2518 opus
574 2465 684 2504 esset
714 2465 756 2503 et
786 2461 981 2503 heroicae
1012 2464 1054 2503 et
1084 2460 1325 2517 posterioris
1361 2460 1512 2503 aetatis
1543 2460 1729 2503 subtilis-

281 2550 390 2592 sima
418 2548 570 2591 notitia
600 2562 726 2605 quam
759 2562 1076 2604 nonnumquam
1109 2548 1294 2590 fontibus
1318 2548 1610 2590 deficientibus
1627 2563 1731 2590 nan-

283 2636 380 2680 cisci
410 2650 536 2679 nemo
565 2639 725 2692 potest;
772 2635 937 2691 deinde,
985 2650 1114 2692 quum
1145 2636 1284 2693 ipsum
1314 2636 1515 2693 temporis
1546 2636 1729 2693 spatium
