2080 3314
934 348 990 398 315

282 478 508 546 Phaedra,
538 483 761 538 postquam
791 480 937 542 gulam
968 479 1119 537 laqueo
1157 478 1294 537 fregit,
1326 478 1530 523 tabellam
1559 489 1692 522 manu

237 573 388 613 tenens
427 568 694 626 conspicitur,
736 568 864 611 falsas
893 567 940 610 in
970 567 1216 625 privignum
1247 568 1562 610 criminationes
1593 580 1690 610 con-

237 656 446 700 tinentem
461 653 505 711 l).
1155 709 1165 718 .

294 742 425 802 Apud
454 744 705 801 posteriores
735 757 816 785 usu
846 747 1062 800 receptum
1094 746 1185 786 erat
1214 746 1263 785 ut
1292 743 1463 785 oracula
1480 745 1687 799 petentes,

237 845 292 874 ne
331 831 400 875 dei
454 846 751 890 responsorum
807 832 1169 894 obliviscerentur,
1221 831 1367 874 statim
1403 830 1508 873 haec
1539 830 1693 872 litteris

237 918 503 962 mandarent.
536 919 634 962 Non
664 920 789 962 aliter
818 919 1028 963 Hercules
1059 919 1317 977 Sophocleus
1334 918 1552 962 discedens
1569 918 1694 961 uxori

239 1020 342 1049 suae
371 1007 574 1064 relinquit
603 1007 795 1062 tabellas,
828 1007 981 1064 quibus
1011 1007 1242 1061 oraculum,
1275 1007 1421 1048 multis
1448 1006 1572 1049 annis
1594 1010 1694 1048 ante

239 1093 414 1149 editlun,
455 1095 705 1152 inscriptum
735 1095 816 1137 fuit
832 1093 878 1149 ⁹).
922 1094 1148 1152 Euripides
1178 1094 1307 1137 etiam
1338 1094 1507 1136 oracula
1543 1107 1694 1136 mem-

239 1181 434 1228 branis
464 1186 780 1225 atramento
810 1183 1013 1240 inscripta
1042 1179 1309 1236 memorat³).

298 1270 477 1313 Praeter
515 1270 621 1313 haec
660 1270 805 1313 omnia
843 1270 1007 1327 tragici,
1049 1274 1290 1327 temporum
1325 1269 1511 1312 rationes
1541 1282 1693 1326 parum

241 1362 451 1413 curantes,
492 1362 824 1401 commemorant
863 1373 992 1415 opera
1031 1362 1223 1401 veterum
1260 1358 1306 1399 in
1337 1357 1489 1414 quibus
1521 1357 1695 1399 deorum

240 1446 351 1490 facta
391 1445 626 1503 conscripta
665 1450 765 1488 sunt
780 1443 832 1501 ⁴)'3
875 1446 1043 1488 tabulas
1089 1459 1243 1488 aeneas
1274 1448 1317 1488 et
1346 1445 1476 1486 libros
1493 1441 1550 1499 ⁵);
1593 1444 1696 1500 quin

237 1535 367 1578 libros
398 1534 452 1577 ab
483 1515 654 1592 Orpheo
685 1533 851 1576 relictos
871 1530 917 1588 θ),
961 1533 1146 1590 elogium
1176 1547 1203 1575 a
1232 1537 1356 1590 poeta
1386 1532 1622 1575 confectum
1655 1536 1698 1575 et

236 1621 284 1664 in
323 1622 514 1679 sepulcro
553 1621 733 1664 incisum
754 1619 799 1675 ⁷),
842 1620 1137 1677 inscriptiones
1179 1620 1225 1662 in
1261 1620 1445 1677 tropaeis
1461 1617 1506 1674 ⁸),
1549 1620 1594 1661 in
1625 1620 1697 1662 cli-

238 1707 329 1764 peis
344 1705 390 1762 9),
422 1706 602 1750 foederis
632 1705 806 1749 tandem
836 1705 1095 1748 conditiones
1126 1706 1172 1747 in
1202 1705 1364 1762 tripode
1381 1702 1440 1759 ¹⁰).

301 1793 435 1836 Aliud
475 1809 531 1837 ex
562 1794 645 1837 alio
675 1798 845 1851 peccato
876 1794 1168 1850 consequitur:
1212 1794 1415 1851 epistolae
1446 1797 1488 1836 et
1518 1794 1698 1850 pugilla-

246 1897 327 1936 res,
359 1882 596 1939 duplicatae
615 1886 688 1924 aut
703 1882 958 1938 multiplices
976 1878 1035 1935 ¹¹),
1055 1882 1142 1924 lino
1154 1881 1473 1938 circumligatae
1490 1877 1551 1935 1²³),
1571 1882 1699 1924 anulo

244 1970 475 2027 signatorio
491 1967 537 2025 ¹³)
568 1970 834 2013 clauduntur.
868 1970 961 2012 Iam
992 1969 1182 2012 Plinium
1200 1967 1246 2024 l⁴)
1277 1984 1363 2012 non
1394 1970 1519 2012 latuit
1540 1970 1700 2012 Home-

244 2064 340 2094 rum
396 2051 449 2094 de
495 2052 623 2094 anulo
669 2051 900 2107 signatorio
946 2051 1070 2094 silere
1116 2055 1159 2094 et
1205 2051 1321 2094 addit
1367 2051 1545 2095 Ulixem
1591 2052 1700 2094 dono

291 2240 322 2284 ¹)
351 2242 461 2287 Hipp.
486 2242 556 2277 856
581 2251 658 2288 sqq.
686 2241 733 2276 cf.
762 2243 861 2277 1311.
888 2261 933 2267 ·-
959 2242 986 2287 ²)
1013 2241 1145 2278 Trach.
1172 2244 1229 2287 47,
1253 2245 1309 2288 76,
1332 2245 1410 2279 156.

293 2302 322 2350 ³)
334 2303 424 2339 Eur.
437 2302 569 2349 fragm.
585 2305 652 2339 629
677 2305 866 2355 διφθέραι
880 2305 1180 2355 μελαγγραφεῖς.
1206 2324 1254 2330 -
1278 2305 1306 2351 ⁴)
1334 2305 1443 2351 Hipp.
1472 2307 1549 2340 451.

295 2375 324 2420 ὀ)
349 2374 483 2413 Aesch.
508 2374 634 2420 Suppl.
660 2376 728 2409 946
753 2385 806 2419 sq.
833 2395 875 2400 —
901 2374 932 2419 ⁶)
960 2374 1070 2419 Hipp.
1095 2376 1175 2411 954.
1201 2394 1239 2400 -
1271 2374 1299 2421 ⁷)
1325 2375 1457 2412 Troad.
1486 2377 1586 2411 1180.

296 2431 323 2475 ⁸)
348 2432 485 2468 Phoen.
511 2434 590 2467 575.
640 2432 705 2475 Ag.
733 2434 812 2468 577.
838 2452 883 2458 -
908 2432 935 2477 ⁹)
961 2431 1059 2477 Sept.
1084 2434 1165 2473 434,
1190 2434 1270 2469 647.

281 2490 327 2534 ¹⁰)
354 2490 441 2526 Eur.
468 2491 593 2536 Suppl.
622 2493 725 2526 1202.
748 2511 792 2517 —-
818 2489 860 2534 ¹¹)
885 2490 913 2525 Ι.
939 2490 980 2525 T.
1006 2493 1074 2526 727
1100 2494 1137 2526 et
1171 2492 1318 2536 passim.

286 2549 327 2592 ¹²)
355 2549 464 2595 Hipp.
491 2551 546 2593 86,
572 2548 598 2583 1.
624 2549 665 2584 A.
695 2550 739 2584 35
764 2559 843 2595 sqq.
870 2546 916 2584 cf.
944 2550 1022 2584 110.

285 2607 330 2652 ¹³)
356 2607 464 2654 Hipp.
489 2609 570 2653 864,
596 2607 623 2642 1.
650 2607 693 2642 A.
721 2608 796 2642 155.
824 2607 954 2642 Aesch.
982 2606 1093 2653 Supp.
1117 2609 1198 2644 947.

282 2665 325 2717 ¹⁴)
348 2666 440 2703 Plin.
465 2666 549 2702 Nat.
575 2666 667 2702 Hist.
693 2664 868 2711 XXXIII,
895 2667 926 2700 1.
953 2666 988 2703 4.
