2080 3314
1074 384 1131 427 20

384 512 575 571 pluribus
605 511 744 555 verbis
775 525 951 555 narrans
978 510 1006 565 ¹)
1067 509 1237 555 Orestes
1267 510 1382 554 addit
1411 526 1456 555 se
1487 510 1652 556 audisse
1684 510 1818 556 Athe-

384 601 600 643 niensibus
630 614 726 641 suas
757 588 1016 641 calamitates
1046 598 1141 641 festi
1170 599 1416 641 instituendi
1447 614 1615 642 causam
1632 599 1760 642 fuisse
1776 602 1819 642 et

385 686 520 730 adhuc
559 700 718 729 morem
754 699 926 743 manere
965 688 1013 727 ut
1053 685 1311 741 congiarium
1349 685 1535 729 Palladis
1564 686 1744 742 populus
1773 685 1819 727 in

383 773 540 816 honore
570 773 737 815 habeat.

441 859 671 913 Ludorum,
703 858 854 915 quibus
883 857 1097 914 lampades
1127 862 1341 914 gestantes
1357 872 1480 900 cursu
1496 859 1725 914 certabant,
1751 859 1816 901 in-

382 946 543 987 stitutio
568 944 842 1001 probabiliter
866 944 912 985 in
937 942 1216 986 Prometheae
1246 944 1439 1000 trilogiae
1456 942 1718 1000 Aeschyleae
1732 945 1816 988 fine

382 1032 717 1086 memorabatur;
749 1031 1046 1073 taediferorum
1090 1032 1234 1087 legum
1264 1031 1375 1074 idem
1406 1036 1530 1088 poeta
1558 1032 1815 1074 mentionem

382 1119 481 1162 facit
509 1119 555 1161 in
587 1109 906 1176 Agamemnone
922 1116 969 1172 2).

446 1205 653 1260 „Multum
681 1210 723 1248 te
749 1209 898 1262 poetae
925 1204 1120 1260 canent,”
1147 1205 1279 1248 verba
1293 1209 1392 1247 sunt
1408 1204 1521 1248 chori
1537 1205 1760 1262 Euripides
1781 1205 1814 1260 ³)

381 1291 595 1335 Alcestem
656 1292 895 1335 voluntaria
953 1296 1087 1335 morte
1141 1292 1372 1349 perituram
1426 1293 1681 1349 posteritatis
1727 1307 1813 1336 me-

380 1379 514 1423 moria
543 1379 808 1433 consolantis,
837 1378 1002 1434 „lyricis
1019 1382 1061 1421 et
1077 1378 1204 1435 epicis
1220 1378 1474 1421 carminibus
1490 1382 1584 1421 tuas
1600 1379 1745 1423 laudes
1761 1379 1814 1422 ad

381 1470 494 1508 astra
537 1466 688 1508 tollent
734 1465 910 1522 Spartae
955 1465 1117 1521 quoties
1163 1464 1353 1507 Carneus
1398 1466 1554 1508 mensis
1584 1466 1705 1521 redit,
1737 1481 1814 1510 nec

380 1552 520 1593 minus
550 1551 732 1594 Athenis
763 1551 1002 1608 splendidis,
1034 1551 1211 1594 beatis.’'
1243 1551 1439 1594 Car-nea
1467 1556 1610 1595 tamen
1642 1527 1813 1596 demum

379 1638 477 1681 inde
509 1639 562 1680 ab
594 1638 660 1680 Ol.
693 1638 850 1681 XXVI
879 1638 1048 1680 musicis
1079 1653 1242 1694 quoque
1273 1639 1571 1681 certaminibus
1603 1640 1815 1683 celebrata

379 1725 507 1767 fuisse
537 1729 711 1767 constat.
733 1723 767 1779 4)

437 1811 631 1855 Helenae
661 1812 832 1854 comites
862 1812 902 1854 ei
931 1811 1134 1866 invident,
1166 1826 1273 1868 quae
1302 1815 1522 1869 postquam
1551 1813 1721 1856 domum
1746 1828 1813 1857 re-

379 1898 505 1941 dierit
535 1913 579 1941 se
609 1898 770 1942 choreis
799 1899 987 1941 mixtura
1016 1899 1070 1940 sit
1099 1899 1143 1940 in
1174 1899 1318 1941 festis
1363 1899 1655 1956 Hyacinthi,
1687 1915 1812 1958 quem

379 1986 609 2029 solemnem
654 1996 867 2028 sacrorum
911 1985 1023 2028 diem
1067 1983 1279 2042 Apollinis
1314 1986 1431 2027 iussu
1459 1989 1573 2028 terra
1602 1987 1813 2031 Laconica

379 2073 591 2115 celebrare
622 2073 738 2115 solet.
760 2072 794 2127 5)
825 2071 924 2115 Alio
948 2072 1073 2114 huius
1090 2072 1258 2114 fabulae
1273 2072 1361 2114 loco
1382 2071 1415 2126 6)
1433 2072 1616 2128 Gemini,
1633 2074 1701 2117 dei
1715 2074 1810 2131 ipsi,

378 2159 508 2201 sorori
533 2173 634 2201 suae
660 2173 754 2201 eam
770 2162 863 2215 post
891 2162 1068 2201 mortem
1099 2158 1221 2201 deam
1253 2162 1446 2200 vocatum
1477 2159 1530 2201 iri
1545 2160 1810 2216 promittunt,

378 2259 461 2287 una
493 2259 635 2288 secum
665 2260 695 2286 x
706 2260 728 2287 e
740 2245 793 2287 ni
804 2260 830 2287 a
852 2245 906 2287 ab
921 2244 1160 2287 hominibus
1176 2249 1439 2301 accepturam
1457 2249 1499 2288 et
1515 2245 1728 2290 Helenam
1744 2261 1810 2290 re-

378 2345 480 2374 vera
509 2331 745 2388 Therapnis
770 2332 926 2374 cultam
942 2345 1033 2373 esse
1049 2331 1254 2373 novimus.
1276 2330 1308 2385 ⁷)
1338 2331 1637 2375 Dioscurorum
1655 2333 1807 2390 cultus,

426 2498 456 2544 ¹)
480 2498 508 2534 1.
532 2498 574 2535 Τ.
598 2500 666 2535 947
690 2510 767 2545 sqq.
796 2519 835 2525 —-
858 2499 890 2542 2)
917 2499 985 2546 Ag.
1012 2501 1090 2536 312.
1116 2520 1160 2526 —
1187 2500 1213 2543 3)
1239 2500 1319 2535 Alc.
1343 2502 1411 2536 448
1436 2511 1514 2547 sqq.

424 2556 453 2602 ⁴)
479 2555 531 2594 Cf.
568 2556 605 2593 G.
642 2556 684 2594 Ο.
717 2557 852 2594 Muller
876 2556 1009 2595 Dorier
1031 2557 1060 2604 1,
1084 2559 1164 2603 355,
1187 2558 1223 2594 II
1247 2559 1326 2603 320,
1351 2557 1599 2604 Waehsmuth,
1625 2557 1718 2596 Helz.
1743 2557 1808 2596 Az-

377 2615 481 2653 terth·
505 2615 553 2661 11,
580 2617 613 2662 2,
637 2627 673 2662 p.
696 2617 775 2652 257.
804 2634 845 2643 -—-
871 2618 899 2663 ⁶)
925 2615 1004 2652 Hel.
1032 2617 1132 2653 1470.
1162 2637 1204 2644 —-
1230 2616 1260 2662 0)
1285 2616 1335 2652 id.
1362 2618 1449 2654 1666
1474 2627 1552 2666 sqq.

423 2675 452 2722 ⁷)
478 2674 628 2712 Herodt.
651 2674 714 2722 Vl,
737 2676 792 2712 61.
