2080 3314
944 316 1042 359 ’119

269 466 414 498 corum
435 461 643 509 personae
668 446 790 490 nobis
815 445 999 503 denique
1019 443 1267 502 exemplum
1284 445 1348 486 est
1365 440 1730 499 Bellerophontes,

271 541 347 600 qui
385 538 499 598 apud
541 537 779 581 Homerum
821 535 1005 593 quidem,
1048 536 1170 575 θεῶν
1199 529 1398 589 τεράεσσι
1428 528 1638 588 πιθήσας,
1670 532 1733 573 tot

271 626 493 687 splendida
531 625 644 668 facta
671 622 896 681 praestitit,
929 621 1042 680 apud
1072 620 1322 679 Euripidem
1354 634 1454 663 vero
1485 633 1593 677 quae
1630 618 1732 661 olim

272 713 507 759 crediderat
546 711 662 754 hisce
702 710 844 754 verbis
882 709 1041 752 infitias
1071 709 1127 751 it:
1148 706 1182 763 1)
1218 707 1442 765 „numquis
1472 710 1595 764 putat
1633 706 1733 749 deos

271 802 318 845 in
362 801 478 845 coelo
522 800 647 843 esse?
692 813 778 842 non
824 801 935 853 sunt,
982 811 1068 840 non
1114 800 1213 839 sunt
1259 795 1341 838 nisi
1387 795 1422 837 si
1454 794 1548 853 quis
1580 795 1734 837 stultus

273 888 471 934 obsoletis
510 886 665 931 fabulis
705 885 900 941 confidat,
945 884 1019 927 sed
1060 883 1201 927 videte
1241 883 1336 941 ipsi,
1369 897 1424 926 ne
1454 882 1560 925 meis
1590 881 1734 926 verbis

274 977 373 1022 freti
403 974 747 1020 iudicaveritis'’!

332 1063 462 1108 Falsa
491 1062 624 1120 igitur
654 1065 718 1105 est
748 1061 890 1119 opinio
920 1060 1020 1104 deos
1050 1056 1193 1103 rebus*
1213 1058 1413 1102 humanis
1444 1057 1680 1116 providere,
1698 1055 1734 1113 ¹)

275 1167 378 1197 nam
407 1151 579 1195 fortuna
608 1150 752 1194 omnia
780 1149 979 1192 mortalia
1004 1148 1227 1205 gubernat.
1245 1144 1277 1202 3)
1310 1146 1552 1190 Secundum
1569 1145 1734 1189 fabulas

275 1241 348 1296 dii,
391 1240 615 1284 sanctitate
657 1242 862 1293 carentes,
906 1237 1069 1280 iustitia
1108 1236 1302 1280 homines
1344 1250 1430 1279 non
1476 1237 1679 1292 superant
1698 1231 1734 1289 4)

276 1332 320 1372 et
349 1327 493 1385 turpia
512 1325 547 1381 5)
578 1330 621 1369 et
651 1326 780 1368 stulta
811 1324 1079 1368 committunt
1109 1328 1156 1366 ut
1187 1323 1356 1381 Apollo,
1386 1323 1458 1380 qui
1476 1323 1582 1366 sicut
1598 1323 1736 1365 malus

276 1415 416 1471 homo,
457 1419 605 1459 vetera
643 1413 784 1470 iurgia
816 1412 1072 1468 recordatus,
1105 1412 1339 1470 sapientiae
1369 1411 1506 1468 gloria
1534 1410 1736 1467 indignus

278 1508 354 1559 est,
374 1503 408 1559 ὅ)
436 1498 563 1561 saepe
590 1503 705 1546 enim
732 1502 864 1544 stulta
880 1501 1198 1544 consulentibus
1215 1499 1376 1556 suadet,
1397 1499 1430 1555 ⁷)
1448 1514 1573 1558 saepe
1590 1499 1737 1557 inepta

279 1609 371 1653 eius
401 1608 620 1652 oraculum
651 1606 919 1650 vaticinatur.
941 1605 975 1661 ⁸)

336 1783 400 1827 Ut
445 1782 624 1840 singulis
671 1781 871 1825 heroibus
914 1781 1172 1839 peculiarem
1218 1780 1416 1836 indolem,
1460 1780 1513 1824 ab
1546 1780 1735 1826 Homero

277 1871 490 1926 traditam,
522 1874 743 1914 servarent
772 1870 922 1927 tragici
953 1870 1129 1913 minime
1163 1870 1382 1913 curabant.
1416 1869 1644 1926 Theseum,
1664 1871 1737 1928 qui

279 1958 393 2017 apud
421 1958 660 2002 Homerum
691 1973 777 2002 non
807 1958 890 2001 nisi
906 1958 1068 2002 duobus
1091 1959 1191 2002 locis
1208 1958 1440 2001 subditiciis
1457 1956 1490 2012 9)
1507 1958 1737 2014 invenitur,

280 2045 662 2105 philosophantem,
694 2047 855 2090 liberae
886 2047 1070 2089 civitatis
1087 2046 1338 2104 praesidem,
1358 2050 1625 2100 συνοικισμοῦ
1642 2060 1739 2089 con-

281 2134 459 2178 ditorem
494 2135 752 2190 omittamus,
796 2135 869 2178 sed
910 2135 1099 2178 dolemus
1140 2134 1251 2192 quod
1291 2135 1409 2178 fortis
1440 2134 1663 2178 Menelaus
1693 2134 1740 2178 in

249 2270 256 2277 ,
281 2223 580 2281 pravissimum
610 2227 855 2280 tyrannum,
887 2224 1093 2280 ignavum
1126 2227 1168 2267 et
1198 2223 1426 2278 crudelem,
1460 2223 1571 2282 quod
1602 2224 1740 2266 multa

281 2325 504 2370 perpessus
535 2311 689 2355 Ulixes
719 2312 764 2354 in
795 2311 985 2355 dolosum
1002 2312 1196 2355 rabulam
1214 2316 1256 2355 et
1272 2311 1555 2368 demagogum
1572 2311 1737 2355 abierit.

332 2472 359 2516 1)
383 2473 473 2509 Eur.
498 2473 628 2520 fragm.
654 2475 734 2510 288.
760 2493 806 2500 —-
829 2474 859 2518 2)
887 2473 949 2511 Or.
975 2475 1077 2510 1179.
1102 2494 1149 2501 —
1176 2474 1203 2521 ³)
1228 2474 1316 2510 Hec.
1342 2475 1411 2510 488
1437 2484 1515 2520 sqq.

331 2531 358 2575 ⁴)
383 2531 472 2568 Eur.
496 2531 620 2578 Suppl.
647 2533 716 2568 310
740 2543 829 2578 sqq„
853 2532 1063 2570 Herc.Fur.
1078 2534 1156 2569 347.
1183 2554 1225 2559 -
1255 2533 1283 2579 ⁵)
1298 2532 1385 2567 Eur.
1399 2530 1531 2579 fragm.
1546 2533 1615 2568 294
1636 2544 1675 2568 vs
1705 2535 1737 2569 7.

334 2589 363 2637 ⁸)
389 2589 509 2626 Andr.
534 2592 620 2627 1161
649 2602 726 2636 sqq.
753 2611 797 2618 —
827 2591 853 2637 ⁷)
880 2591 937 2626 El.
968 2592 1068 2627 1246.
1095 2610 1139 2618 -
1165 2591 1194 2635 8)
1220 2591 1270 2627 id.
1297 2593 1375 2627 971.

335 2648 364 2696 ο)
389 2647 434 2684 11.
461 2650 490 2695 1,
514 2649 594 2691 265,
619 2648 687 2684 od.
713 2650 777 2695 x1‚
803 2650 883 2685 635.
