2080 3314
1048 353 1105 397 26

358 479 424 534 tis,
457 494 585 522 aurea
625 494 776 522 coron-a
815 480 980 537 publice
1019 481 1207 537 praemio
1247 481 1492 536 donabatur,
1533 496 1659 539 quam
1697 495 1791 524 eon-

358 566 622 609 suetudinem
662 567 888 623 respiciens
928 567 973 609 in
1013 568 1155 624 populi
1190 568 1381 611 contione
1411 569 1550 611 nescio
1580 569 1672 626 quis
1703 583 1792 611 sur-

357 667 461 710 gens
478 657 619 696 censet
644 653 838 696 Orestem
868 658 916 696 ut
945 655 1093 709 civem,
1126 655 1196 711 qui
1226 655 1334 698 bene
1364 655 1416 698 de
1446 656 1584 712 patria
1615 656 1791 699 meritus

357 740 423 793 sit,
470 739 752 782 coronandum
799 754 889 783 esse
908 738 964 795 ¹),
1006 740 1191 784 Tiresias
1232 756 1276 784 se
1323 757 1495 785 auream
1538 756 1735 785 coronam
1769 758 1791 786 e

356 825 524 883 praeda,
566 830 736 883 propter
775 826 983 869 auxilium
1023 826 1356 871 Atheniensibus
1406 829 1552 883 latum,
1581 829 1792 886 accepisse

355 913 559 969 gloriatur
579 912 627 967 ²),
671 917 714 956 et
753 913 922 956 Helena
951 914 1141 970 queritur
1181 914 1289 970 quod
1325 914 1558 970 ignominia
1585 915 1793 958 afficiatur

356 1000 409 1042 ob
439 1014 548 1056 quae
577 999 715 1056 potius
745 1014 939 1043 coronam
970 1000 1124 1042 circum
1150 1004 1278 1057 eaput
1307 1001 1386 1043 sibi
1413 1001 1655 1057 contingere
1673 1015 1790 1059 opor-

356 1089 464 1129 teret
482 1085 528 1140 ⁵).

414 1172 530 1215 Hinc
555 1188 685 1230 saepe
715 1173 983 1230 metaphoras
1008 1173 1156 1229 tragici
1187 1173 1551 1230 deprompserunt:
1585 1172 1793 1217 Gloriae

354 1259 719 1303 circumlocutione
755 1260 979 1317 Sophocles
1017 1275 1118 1302 usus
1158 1264 1234 1315 est,
1280 1260 1354 1303 ubi
1393 1259 1510 1303 Aiax
1549 1260 1791 1303 Telamonis

354 1346 464 1388 facta
503 1346 659 1401 laudat,
680 1361 865 1403 quorum
893 1345 1079 1393 εὐκλείας
1108 1349 1324 1400 στέφανον
1352 1347 1425 1389 ille
1456 1347 1630 1404 adeptus
1658 1352 1724 1390 est
1738 1346 1790 1403 Α),

355 1432 463 1488 quod
502 1432 725 1489 Euripides
764 1433 952 1475 imitatus
992 1436 1055 1475 est
1074 1432 1122 1487 ⁶).
1164 1431 1283 1474 Alibi
1319 1430 1580 1486 στεφάνωμα
1610 1431 1792 1486 μόχθων

353 1519 590 1562 honorem
620 1520 833 1563 laboribus
863 1524 1062 1562 nanctum
1093 1520 1300 1575 significat
1318 1519 1365 1573 6),
1403 1520 1615 1562 interdum
1644 1520 1791 1563 eodem

353 1606 475 1648 modo
505 1606 685 1648 famam
709 1605 753 1660 ²),
772 1607 938 1663 saepius
968 1606 1233 1649 victoriam
1250 1605 1284 1660 ³)
1310 1606 1613 1648 adumbrarunt
1628 1610 1789 1663 poetae.

406 1741 429 1786 ¹)
455 1740 514 1776 Or.
540 1743 618 1786 924,
644 1740 690 1776 cf.
716 1741 846 1787 fragm.
873 1743 954 1782 362,
978 1753 1029 1776 vs.
1055 1744 1099 1777 34
1124 1753 1200 1787 sqq.
1228 1762 1270 1768 -—
1295 1742 1323 1786 ²)
1349 1742 1482 1776 Phoen.
1508 1744 1587 1777 856.

399 1800 425 1842 ³)
450 1799 582 1834 Troad.
606 1801 674 1834 937
710 1820 755 1824 —
778 1799 807 1845 ⁴)
834 1799 891 1834 Ai.
917 1801 995 1834 465.

402 1860 426 1901 ⁵)
452 1859 576 1904 suppl.
595 1861 673 1903 315,
690 1859 819 1904 fragm.
834 1862 912 1895 219.
931 1859 981 1894 Cf.
996 1859 1041 1894 fr.
1059 1861 1140 1904 218,
1155 1859 1218 1894 ubi
1230 1863 1352 1894 tamen
1368 1861 1527 1908 ςεγανός
1543 1871 1608 1905 pro
1624 1865 1790 1910 ςέφαιως

353 1917 609 1963 corrigendum
642 1928 717 1952 esse
750 1918 837 1952 olim
868 1917 992 1952 docuit
1016 1917 1281 1952 Herwerdenus
1306 1918 1343 1952 in
1369 1917 1529 1953 Exercit.
1562 1917 1649 1953 (trit.
1678 1930 1709 1962 p.
1735 1920 1789 1954 35.

400 1975 428 2020 θ)
454 1975 560 2010 Herc.
584 1974 670 2008 Fur.
697 1977 774 2010 355.
803 1995 841 1999 —
868 1975 896 2020 7)
923 1975 1054 2009 Troad.
1080 1977 1159 2018 401,
1184 1978 1213 2009 Ι.
1239 1976 1281 2010 Α.
1310 1977 1375 2010 194

397 2032 424 2075 ⁸)
447 2033 534 2067 Eur.
562 2032 618 2068 El.
644 2034 723 2073 614,
749 2032 880 2067 Troad.
906 2035 985 2077 565,
1030 2032 1059 2067 I.
1086 2035 1127 2066 A.
1154 2035 1258 2076 1529,
1283 2033 1376 2068 Phil.
1403 2034 1480 2074 841.
