2080 3314
1129 346 1182 388 48

437 470 646 515 insulam''
664 470 697 526 ¹)
729 471 796 514 vel
832 470 995 528 „Argos
1015 470 1294 526 Dori0u1n”2)
1326 476 1367 515 et
1397 470 1621 529 Euripides
1652 470 1873 526 „Doricam

438 558 622 601 terram’⁷
640 558 673 612 3)
705 559 1041 614 Peloponnesum
1073 563 1328 615 nuncupant.
1358 559 1729 614 Lacedaemoniae,
1757 560 1874 602 cuius

439 646 527 687 soli·
561 650 602 687 et
648 645 795 686 finium
824 645 1063 701 ⁴descriptio
1110 646 1315 701 quaedam
1362 647 1481 688 nobis
1508 647 1660 702 partim
1707 650 1874 689 servata

439 737 501 774 est
517 733 563 786 Δ·),
611 733 831 788 praecipua
882 732 1049 788 quidem
1081 733 1180 774 urbs
1211 733 1290 774 fuit
1328 733 1491 789 Sparta,
1525 733 1597 775 sed
1627 733 1726 789 quia
1755 733 1873 775 nulla

437 818 592 871 fabula,
641 833 695 860 ex
740 819 792 859 iis
838 819 986 860 saltem
1018 833 1124 874 quae
1155 823 1391 875 supersunt,
1424 819 1482 860 ibi
1514 819 1665 875 agitur,
1697 833 1782 862 non
1812 819 1873 861 ita

438 905 633 960 frequens
674 904 799 946 huius
830 905 946 946 urbis
985 905 1157 960 eiusque
1188 905 1370 960 partium
1400 905 1447 946 fit
1476 905 1646 947 mentio.
1678 905 1873 948 Minerva

437 990 561 1031 huius
593 1005 756 1046 quoque
787 990 968 1031 civitatis
998 990 1076 1032 dea
1106 990 1184 1031 fuit
1214 990 1404 1032 tutelaris
1435 994 1476 1032 et
1492 991 1537 1031 in
1558 991 1714 1047 templo
1730 995 1872 1033 aerato

436 1077 481 1118 in
523 1091 629 1130 arce,
673 1076 912 1132 Euripideis
953 1076 1209 1132 temporibus
1250 1076 1456 1132 imprimis
1486 1075 1724 1118 Pausaniae
1754 1076 1873 1119 exitu

437 1163 607 1216 famosa,
640 1163 825 1204 maxime
856 1163 1080 1216 colebatur,
1113 1162 1223 1204 unde
1241 1162 1343 1204 deae
1360 1176 1590 1217 cognomen
1606 1162 1686 1204 fuit
1716 1161 1872 1204 Chal-

438 1247 519 1289 cio
532 1261 553 1289 e
566 1262 622 1289 co
635 1261 653 1288 s
670 1247 702 1300 5)
734 1247 835 1301 sive,
867 1251 914 1288 ut
943 1246 1081 1288 dicere
1098 1247 1254 1302 placuit
1271 1247 1418 1302 poetis,
1441 1243 1709 1297 χαλκόπυλος
1725 1244 1771 1301 6),
1788 1247 1816 1288 i.
1834 1261 1870 1290 e.

436 1334 577 1376 aeneis
608 1334 737 1390 portis
767 1334 943 1375 munita.

494 1421 698 1476 Leucippi
738 1420 850 1462 filiae
869 1415 901 1472 7)
943 1419 1118 1476 Spartae
1165 1419 1318 1460 divinis
1357 1418 1584 1461 honoribus
1625 1419 1873 1462 fruebantur

434 1506 568 1562 iisque
608 1507 812 1562 templum
854 1506 1090 1548 dedicatum
1131 1510 1232 1559 erat,
1275 1519 1452 1561 quarum
1493 1520 1610 1547 sacra
1639 1506 1871 1548 sacerdotes

437 1593 667 1648 virginales
699 1593 915 1646 curabant,
948 1592 1231 1648 Leucippidae
1263 1596 1304 1634 et
1333 1592 1449 1647 ipsae
1480 1592 1719 1635 nominatae
1736 1593 1782 1646 8).

494 1679 642 1721 Castor
670 1684 711 1721 et
741 1679 898 1720 Pollux
927 1679 1080 1721 mortui
1111 1679 1330 1720 Eurotae
1360 1678 1624 1734 gymnasia
1652 1679 1870 1734 reliquisse

436 1766 631 1808 dicuntur
647 1764 693 1820 Ο),
736 1780 912 1822 quorum
952 1765 1215 1821 geminorum
1256 1769 1419 1807 statuae
1458 1765 1671 1807 dedicatae
1701 1765 1872 1807 fuerunt

436 1854 481 1895 in
511 1851 666 1909 Δρόμῳ
696 1853 784 1894 sive
815 1849 1096 1911 Ἱπποδρόμῳ,
1129 1851 1200 1907 qui
1230 1854 1335 1892 teste
1365 1851 1579 1893 Pausania
1597 1851 1644 1904 10)
1667 1851 1721 1893 ad
1736 1850 1870 1894 Euro-

436 1945 523 1983 tam
554 1941 644 1981 fuit.

495 2027 586 2068 Etsi
627 2026 904 2069 recentiorum
947 2026 1249 2082 Spartanorum
1280 2050 1333 2054 —
1365 2025 1699 2081 quandoquidem
1735 2025 1870 2067 Dores

437 2118 558 2156 erant
605 2138 656 2142 -—
705 2118 882 2155 naturae
928 2117 969 2155 et
1014 2113 1199 2155 moribus
1244 2112 1351 2154 nihil
1391 2126 1610 2154 commune
1656 2116 1746 2154 erat
1775 2126 1870 2154 cum

436 2201 576 2243 indole
616 2200 868 2255 ingenioque
910 2200 1077 2241 illorum
1109 2199 1391 2254 antiquiorum
1421 2199 1595 2240 heroum
1627 2202 1669 2240 et
1699 2198 1869 2255 Sparta-

438 2301 599 2340 norum,
642 2287 713 2342 qui
753 2286 806 2327 ab
846 2285 1035 2327 Achaica
1069 2285 1196 2341 stirpe
1227 2285 1431 2340 originem
1461 2285 1684 2338 duxerant,
1719 2284 1868 2340 tragici

486 2398 513 2440 1)
539 2396 578 2429 Ο.
605 2395 640 2429 O.
667 2396 744 2429 695.
770 2412 812 2418 —-
840 2396 870 2439 2)
885 2393 932 2427 id.
951 2395 1049 2427 1301.
1066 2413 1102 2417 —
1121 2393 1150 2438 3)
1175 2392 1260 2426 Hec.
1285 2394 1365 2436 450,
1386 2392 1505 2427 Troad
1538 2392 1868 2434 234,cf.He0.934.

408 2472 411 2474 >
484 2455 514 2498 4)
538 2453 627 2489 Eur.
652 2451 780 2496 fragm.
809 2452 907 2486 1068.
930 2470 974 2476 —-
999 2451 1028 2496 5)
1056 2450 1134 2485 Hel.
1161 2451 1240 2489 228,
1263 2451 1349 2485 245..

485 2514 513 2555 ss)
540 2509 670 2546 Troad.
698 2510 796 2552 1113,
822 2507 867 2543 cf.
893 2508 996 2543 Paus.
1022 2507 1086 2552 III,
1115 2510 1167 2543 17.
1193 2509 1224 2542 3.

485 2570 514 2612 ⁷)
540 2568 677 2604 Preller
700 2566 855 2613 Mythol.
881 2566 928 2611 ΙΙ,
954 2577 1034 2611 pag.
1060 2567 1116 2607 98,
1141 2565 1245 2601 Paus.
1270 2564 1336 2609 ΙΙΙ,
1364 2566 1415 2601 16.
1444 2567 1475 2600 1.
1560 2595 1564 2598 ⁴

484 2626 517 2676 8)
546 2627 623 2663 Hel.
651 2627 749 2663 1466.
775 2645 820 2652 —
843 2625 870 2668 9)
895 2624 963 2661 Hel
987 2625 1065 2661 208.
1089 2642 1136 2651 -·
1159 2623 1204 2668 10)
1230 2623 1334 2659 Paus.
1359 2622 1424 2665 ΙΙΙ,
1452 2624 1506 2659 14.
1531 2623 1565 2661 7.
