2080 3314
944 357 997 401 31

247 488 358 544 dice,
393 487 583 532 &atione
623 500 702 529 sua
741 485 909 543 saepius
938 485 1143 542 pictorem
1173 483 1352 542 prodere
1381 498 1467 527 non
1498 487 1561 527 est
1590 482 1702 540 quod

247 576 465 630 miremur,
505 574 625 618 cuius
670 574 732 616 rei
773 574 1017 630 exemplum
1055 573 1296 616 invenimus
1326 573 1372 615 in
1402 572 1559 626 fabula,
1592 585 1702 628 quae

248 662 430 707 Hecuba
473 661 730 715 inscribitur,
777 661 852 703 ubi
897 660 1139 702 miserrima
1183 674 1293 702 anus
1330 658 1701 716 Agamemnonem

246 749 442 806 precibus
472 748 663 792 obsecrat
692 751 740 789 ut
770 747 836 789 sui
866 747 1120 790 misereatur
1151 750 1193 789 et
1224 746 1344 803 quasi
1374 746 1509 803 pictor
1536 746 1702 788 eminus

246 839 363 879 stans
407 850 453 879 se
497 835 716 878 intueatur
732 825 776 889 1).
826 834 1023 877 Eundem
1070 833 1241 891 pictoris
1287 833 1487 890 loquendi
1527 833 1700 877 modum

245 923 385 966 denuo
414 922 650 980 reperimus
680 922 726 964 in
756 921 982 979 Hippolyti
1013 922 1188 978 querela
1222 921 1428 976 „Utinam
1458 921 1605 964 liceret
1631 935 1701 964 me

245 1010 386 1068 ipsum
442 1009 719 1067 contemplari
775 1023 831 1052 ex
879 1009 1104 1051 adversum
1151 1008 1364 1051 stantem”
1398 1008 1446 1063 2).
1497 1008 1700 1051 Eiusdem

247 1097 463 1141 Helenam
502 1098 621 1155 piget
661 1096 772 1154 quod
813 1111 898 1139 non
925 1096 1066 1139 deleta
1095 1097 1150 1138 sit
1179 1100 1398 1153 tamquam
1428 1097 1594 1154 pictura
1623 1111 1702 1140 nec

246 1185 479 1243 turpiorem
520 1185 699 1228 formam
740 1199 816 1241 pro
857 1185 932 1226 illa
962 1183 1140 1241 pulchra
1170 1184 1379 1241 acceperit
1394 1180 1438 1238 ³).
1477 1183 1604 1239 „Heu
1634 1199 1702 1227 res

245 1272 485 1317 humanas’‘
517 1271 758 1315 Cassandra
774 1271 886 1329 apud
903 1270 1165 1328 Aeschylum
1181 1271 1212 1325 ⁴¹)
1241 1271 1434 1328 queritur
1455 1286 1700 1329 „prosperas

246 1350 424 1394 forsitan
463 1363 559 1392 cum
598 1348 786 1405 imagine
817 1347 1068 1391 adumbrata
1099 1347 1251 1404 aliquis
1288 1348 1597 1405 comparaverit
1627 1347 1701 1391 sed

247 1453 315 1482 res
356 1438 573 1492 adversae,
614 1440 663 1479 ut
704 1451 814 1493 aqua
844 1435 1080 1479 madefacta
1106 1436 1285 1493 spongia
1314 1436 1537 1494 picturam,
1571 1436 1701 1480 felici-

247 1526 346 1568 tatis
386 1515 659 1567 simulacrum
699 1538 801 1566 mox
831 1522 1111 1578 deleverint‚’'
1145 1537 1272 1580 quam
1302 1523 1535 1580 imaginem
1566 1538 1701 1581 paene

247 1613 377 1656 verbo
407 1617 532 1656 tenus
562 1616 729 1655 secutus
760 1615 825 1654 est
856 1610 1082 1668 Euripides
1099 1609 1130 1665 ⁶)
1162 1611 1208 1653 in
1238 1610 1358 1654 Pelei
1389 1611 1545 1654 fabula.

304 1700 550 1758 Perpaucae
580 1700 771 1757 picturae
802 1699 923 1742 nobis
954 1703 1181 1756 supersunt
1212 1714 1372 1756 eaeque
1400 1714 1545 1743 omnes
1568 1700 1702 1742 multo

245 1788 415 1832 serioris
456 1792 555 1830 sunt
595 1787 760 1830 aetatis.
819 1787 1096 1843 Tragicorum
1128 1787 1403 1844 temporibus,
1451 1788 1701 1844 praesertim

246 1875 441 1919 Periclea
482 1879 622 1918 aetate
662 1874 788 1916 multi
829 1874 1009 1931 pictores
1040 1878 1131 1917 arte
1162 1874 1351 1930 insignes
1382 1875 1543 1932 templa
1573 1874 1702 1932 porti-

247 1977 403 2021 cusque
444 1963 642 2021 operibus
684 1962 771 2004 suis
814 1962 1035 2005 ornabant.
1079 1961 1322 2005 Dolendum
1353 1966 1416 2005 est
1446 1977 1593 2006 omnes
1623 1962 1701 2006 has

247 2052 415 2095 tabulas
466 2052 643 2109 periisse
694 2051 768 2094 sed
816 2052 1048 2094 multarum
1100 2051 1424 2108 descriptionem
1464 2051 1701 2095 Pausanias

247 2139 405 2196 aliique
445 2140 567 2182 nobis
609 2143 834 2182 servarunt
875 2153 954 2182 nec
979 2139 1122 2181 minus
1153 2139 1265 2196 apud
1295 2139 1477 2195 tragicos
1506 2140 1701 2197 plurimis

246 2227 349 2270 locis
404 2226 719 2283 designationes
764 2227 1020 2281 invenimus,
1079 2241 1258 2283 quarum
1306 2231 1450 2270 tamen
1495 2228 1700 2271 maiorem

246 2319 411 2373 partem
443 2314 497 2358 ad
526 2329 629 2358 vasa
658 2315 771 2372 picta
800 2315 1014 2372 pertinere
1044 2315 1178 2358 credo.

306 2402 465 2460 Pythia
496 2403 609 2460 apud
639 2402 900 2460 Aeschylum
931 2402 1085 2445 Furias
1122 2402 1378 2445 dormientes
1409 2402 1571 2458 videns,
1591 2417 1700 2461 quae

245 2491 331 2537 sint
372 2506 484 2536 nova
524 2492 600 2535 illa
645 2495 834 2535 monstra
875 2491 1063 2535 dubitat:
1107 2491 1355 2548 Gorgonum
1395 2491 1510 2535 enim
1550 2496 1699 2551 typum

298 2605 324 2651 ¹)
349 2605 438 2644 Hoc.
456 2609 535 2645 807.
564 2628 603 2636 -
630 2606 660 2655 ²)
687 2606 797 2655 Hipp.
825 2608 927 2646 1078.
950 2625 996 2637 -
1021 2609 1049 2651 ⁸)
1074 2605 1156 2644 nel.
1181 2607 1263 2647 262.

292 2669 323 2714 ¹>
347 2667 418 2715 Ag.
445 2668 546 2705 1328.
571 2684 618 2695 --
642 2665 669 2713 ὓ)
692 2665 825 2716 fragm.
850 2667 930 2706 621.
