<?xml version="1.0" encoding="UTF-8"?>
<!DOCTYPE html PUBLIC "-//W3C//DTD XHTML 1.0 Transitional//EN"
    "http://www.w3.org/TR/xhtml1/DTD/xhtml1-transitional.dtd">
<html xmlns="http://www.w3.org/1999/xhtml" xml:lang="en" lang="en">
 <head>
  <title>
</title>
<meta http-equiv="Content-Type" content="text/html;charset=utf-8" />
  <meta name='ocr-system' content='tesseract 3.04.00' />
  <meta name='ocr-capabilities' content='ocr_page ocr_carea ocr_par ocr_line ocrx_word'/>
</head>
<body>
  <div class='ocr_page' id='page_1' title='image "./detragicorumanac00striuoft_0045.png"; bbox 0 0 2080 3314; ppageno 0'>
   <div class='ocr_carea' id='block_1_1' title="bbox 949 335 1004 379">
    <p class='ocr_par' dir='ltr' id='par_1_1' title="bbox 949 335 1004 379">
     <span class='ocr_line' id='line_1_1' title="bbox 949 335 1004 379; baseline 0 0"><span class='ocrx_word' id='word_1_1' title='bbox 949 335 1004 379; x_wconf 83' lang='lat'><strong>33</strong></span> 
     </span>
    </p>
   </div>
   <div class='ocr_carea' id='block_1_2' title="bbox 254 462 1708 1230">
    <p class='ocr_par' dir='ltr' id='par_1_2' title="bbox 254 462 1708 1230">
     <span class='ocr_line' id='line_1_2' title="bbox 254 462 1703 526; baseline -0.004 -12"><span class='ocrx_word' id='word_1_2' title='bbox 254 469 354 514; x_wconf 87' lang='lat' dir='ltr'><strong>dam</strong></span> <span class='ocrx_word' id='word_1_3' title='bbox 369 468 400 525; x_wconf 83' lang='lat'><strong>1)</strong></span> <span class='ocrx_word' id='word_1_4' title='bbox 431 468 486 513; x_wconf 86' lang='lat' dir='ltr'><strong>ad</strong></span> <span class='ocrx_word' id='word_1_5' title='bbox 515 471 815 526; x_wconf 74' lang='lat' dir='ltr'><strong>argumentum</strong></span> <span class='ocrx_word' id='word_1_6' title='bbox 845 482 988 511; x_wconf 89' lang='lat' dir='ltr'><strong>meum</strong></span> <span class='ocrx_word' id='word_1_7' title='bbox 1019 467 1272 525; x_wconf 89' lang='lat' dir='ltr'><strong>pertinentis</strong></span> <span class='ocrx_word' id='word_1_8' title='bbox 1302 464 1409 510; x_wconf 91' lang='lat' dir='ltr'><strong>mihi</strong></span> <span class='ocrx_word' id='word_1_9' title='bbox 1440 464 1626 510; x_wconf 87' lang='lat' dir='ltr'><strong>venisset</strong></span> <span class='ocrx_word' id='word_1_10' title='bbox 1657 462 1703 508; x_wconf 91' lang='lat' dir='ltr'><strong>in</strong></span> 
     </span>
     <span class='ocr_line' id='line_1_3' title="bbox 255 554 1705 610; baseline -0.004 -8"><span class='ocrx_word' id='word_1_11' title='bbox 255 562 456 602; x_wconf 80' lang='lat' dir='ltr'><strong>mentem.</strong></span> <span class='ocrx_word' id='word_1_12' title='bbox 489 557 687 600; x_wconf 86' lang='lat' dir='ltr'><strong>Lacunar</strong></span> <span class='ocrx_word' id='word_1_13' title='bbox 717 557 831 599; x_wconf 91' lang='lat' dir='ltr'><strong>enim</strong></span> <span class='ocrx_word' id='word_1_14' title='bbox 863 556 1127 599; x_wconf 78' lang='lat' dir='ltr'><strong>tabernaculi</strong></span> <span class='ocrx_word' id='word_1_15' title='bbox 1159 555 1213 598; x_wconf 89' lang='lat' dir='ltr'><strong>ab</strong></span> <span class='ocrx_word' id='word_1_16' title='bbox 1231 555 1334 598; x_wconf 91' lang='lat' dir='ltr'><strong>Ione</strong></span> <span class='ocrx_word' id='word_1_17' title='bbox 1352 555 1544 610; x_wconf 88' lang='lat' dir='ltr'><strong>confecti,</strong></span> <span class='ocrx_word' id='word_1_18' title='bbox 1560 554 1607 596; x_wconf 92' lang='lat' dir='ltr'><strong>in</strong></span> <span class='ocrx_word' id='word_1_19' title='bbox 1623 568 1705 610; x_wconf 94' lang='lat' dir='ltr'><strong>quo</strong></span> 
     </span>
     <span class='ocr_line' id='line_1_4' title="bbox 255 643 1706 701; baseline -0.003 -12"><span class='ocrx_word' id='word_1_20' title='bbox 255 647 411 690; x_wconf 86' lang='lat' dir='ltr'><strong>amicos</strong></span> <span class='ocrx_word' id='word_1_21' title='bbox 451 660 546 688; x_wconf 89' lang='lat' dir='ltr'><strong>suos</strong></span> <span class='ocrx_word' id='word_1_22' title='bbox 586 659 717 688; x_wconf 87' lang='lat' dir='ltr'><strong>coena</strong></span> <span class='ocrx_word' id='word_1_23' title='bbox 756 644 954 701; x_wconf 85' lang='lat' dir='ltr'><strong>excipiat,</strong></span> <span class='ocrx_word' id='word_1_24' title='bbox 987 644 1187 700; x_wconf 90' lang='lat' dir='ltr'><strong>stragulis</strong></span> <span class='ocrx_word' id='word_1_25' title='bbox 1227 648 1349 686; x_wconf 88' lang='lat' dir='ltr'><strong>ornat</strong></span> <span class='ocrx_word' id='word_1_26' title='bbox 1389 647 1432 686; x_wconf 91' lang='lat' dir='ltr'><strong>et</strong></span> <span class='ocrx_word' id='word_1_27' title='bbox 1469 643 1602 685; x_wconf 89' lang='lat' dir='ltr'><strong>auleis</strong></span> <span class='ocrx_word' id='word_1_28' title='bbox 1632 657 1706 699; x_wconf 84' lang='lat' dir='ltr'><strong>pa-</strong></span> 
     </span>
     <span class='ocr_line' id='line_1_5' title="bbox 254 729 1706 790; baseline -0.003 -14"><span class='ocrx_word' id='word_1_29' title='bbox 254 734 382 778; x_wconf 88' lang='lat' dir='ltr'><strong>rietes</strong></span> <span class='ocrx_word' id='word_1_30' title='bbox 433 734 572 788; x_wconf 87' lang='lat' dir='ltr'><strong>vestit,</strong></span> <span class='ocrx_word' id='word_1_31' title='bbox 621 747 800 790; x_wconf 90' lang='lat' dir='ltr'><strong>quorum</strong></span> <span class='ocrx_word' id='word_1_32' title='bbox 847 747 981 774; x_wconf 92' lang='lat' dir='ltr'><strong>unum</strong></span> <span class='ocrx_word' id='word_1_33' title='bbox 1029 732 1250 786; x_wconf 87' lang='lat' dir='ltr'><strong>Hercules,</strong></span> <span class='ocrx_word' id='word_1_34' title='bbox 1299 745 1556 788; x_wconf 91' lang='lat' dir='ltr'><strong>quamquam</strong></span> <span class='ocrx_word' id='word_1_35' title='bbox 1603 729 1706 772; x_wconf 91' lang='lat' dir='ltr'><strong>Ione</strong></span> 
     </span>
     <span class='ocr_line' id='line_1_6' title="bbox 254 818 1704 877; baseline -0.003 -13"><span class='ocrx_word' id='word_1_36' title='bbox 254 822 394 865; x_wconf 88' lang='lat' dir='ltr'><strong>minor</strong></span> <span class='ocrx_word' id='word_1_37' title='bbox 438 826 514 877; x_wconf 90' lang='lat' dir='ltr'><strong>est,</strong></span> <span class='ocrx_word' id='word_1_38' title='bbox 555 822 736 864; x_wconf 88' lang='lat' dir='ltr'><strong>alterum</strong></span> <span class='ocrx_word' id='word_1_39' title='bbox 777 820 1055 864; x_wconf 78' lang='lat' dir='ltr'><strong>Atheniensis</strong></span> <span class='ocrx_word' id='word_1_40' title='bbox 1095 819 1267 877; x_wconf 92' lang='lat' dir='ltr'><strong>quidam</strong></span> <span class='ocrx_word' id='word_1_41' title='bbox 1307 820 1384 862; x_wconf 91' lang='lat' dir='ltr'><strong>deo</strong></span> <span class='ocrx_word' id='word_1_42' title='bbox 1425 818 1704 862; x_wconf 88' lang='lat' dir='ltr'><strong>dedicaverat.</strong></span> 
     </span>
     <span class='ocr_line' id='line_1_7' title="bbox 256 907 1708 967; baseline -0.003 -16"><span class='ocrx_word' id='word_1_43' title='bbox 256 908 505 967; x_wconf 82' lang='lat' dir='ltr'><strong>Euripidem</strong></span> <span class='ocrx_word' id='word_1_44' title='bbox 534 910 614 952; x_wconf 93' lang='lat' dir='ltr'><strong>hoc</strong></span> <span class='ocrx_word' id='word_1_45' title='bbox 644 911 733 953; x_wconf 89' lang='lat' dir='ltr'><strong>loco</strong></span> <span class='ocrx_word' id='word_1_46' title='bbox 763 924 838 967; x_wconf 92' lang='lat' dir='ltr'><strong>pro</strong></span> <span class='ocrx_word' id='word_1_47' title='bbox 869 924 946 952; x_wconf 90' lang='lat' dir='ltr'><strong>sua</strong></span> <span class='ocrx_word' id='word_1_48' title='bbox 977 908 1278 952; x_wconf 90' lang='lat' dir='ltr'><strong>consuetudine</strong></span> <span class='ocrx_word' id='word_1_49' title='bbox 1295 907 1398 950; x_wconf 90' lang='lat' dir='ltr'><strong>artis</strong></span> <span class='ocrx_word' id='word_1_50' title='bbox 1414 921 1542 964; x_wconf 89' lang='lat' dir='ltr'><strong>opera</strong></span> <span class='ocrx_word' id='word_1_51' title='bbox 1558 920 1708 948; x_wconf 86' lang='lat' dir='ltr'><strong>revera</strong></span> 
     </span>
     <span class='ocr_line' id='line_1_8' title="bbox 256 993 1707 1054; baseline -0.003 -15"><span class='ocrx_word' id='word_1_52' title='bbox 256 998 471 1040; x_wconf 79' lang='lat' dir='ltr'><strong>exstantia</strong></span> <span class='ocrx_word' id='word_1_53' title='bbox 500 997 768 1054; x_wconf 82' lang='lat' dir='ltr'><strong>descripsisse</strong></span> <span class='ocrx_word' id='word_1_54' title='bbox 799 997 901 1040; x_wconf 88' lang='lat' dir='ltr'><strong>satis</strong></span> <span class='ocrx_word' id='word_1_55' title='bbox 931 1001 1123 1040; x_wconf 84' lang='lat' dir='ltr'><strong>constare</strong></span> <span class='ocrx_word' id='word_1_56' title='bbox 1154 996 1363 1039; x_wconf 86' lang='lat' dir='ltr'><strong>existimo.</strong></span> <span class='ocrx_word' id='word_1_57' title='bbox 1389 994 1578 1037; x_wconf 83' lang='lat' dir='ltr'><strong>Textilia</strong></span> <span class='ocrx_word' id='word_1_58' title='bbox 1594 993 1707 1036; x_wconf 91' lang='lat' dir='ltr'><strong>enim</strong></span> 
     </span>
     <span class='ocr_line' id='line_1_9' title="bbox 256 1082 1708 1147; baseline -0.003 -19"><span class='ocrx_word' id='word_1_59' title='bbox 256 1085 546 1147; x_wconf 84' lang='lat' dir='ltr'><strong>barbarorum,</strong></span> <span class='ocrx_word' id='word_1_60' title='bbox 585 1085 844 1129; x_wconf 86' lang='lat' dir='ltr'><strong>Asianorum</strong></span> <span class='ocrx_word' id='word_1_61' title='bbox 886 1086 1095 1143; x_wconf 93' lang='lat' dir='ltr'><strong>opificum,</strong></span> <span class='ocrx_word' id='word_1_62' title='bbox 1134 1099 1313 1142; x_wconf 86' lang='lat' dir='ltr'><strong>quorum</strong></span> <span class='ocrx_word' id='word_1_63' title='bbox 1346 1083 1430 1126; x_wconf 87' lang='lat' dir='ltr'><strong>alia</strong></span> <span class='ocrx_word' id='word_1_64' title='bbox 1460 1082 1708 1125; x_wconf 84' lang='lat' dir='ltr'><strong>venationes</strong></span> 
     </span>
     <span class='ocr_line' id='line_1_10' title="bbox 257 1169 1707 1230; baseline -0.002 -14"><span class='ocrx_word' id='word_1_65' title='bbox 257 1177 473 1230; x_wconf 86' lang='lat' dir='ltr'><strong>equestres</strong></span> <span class='ocrx_word' id='word_1_66' title='bbox 489 1169 533 1228; x_wconf 73' lang='lat'><strong>²),</strong></span> <span class='ocrx_word' id='word_1_67' title='bbox 578 1174 662 1216; x_wconf 89' lang='lat' dir='ltr'><strong>alia</strong></span> <span class='ocrx_word' id='word_1_68' title='bbox 693 1188 881 1230; x_wconf 89' lang='lat' dir='ltr'><strong>pugnam</strong></span> <span class='ocrx_word' id='word_1_69' title='bbox 913 1174 1111 1216; x_wconf 85' lang='lat' dir='ltr'><strong>navalem</strong></span> <span class='ocrx_word' id='word_1_70' title='bbox 1126 1172 1171 1226; x_wconf 75' lang='lat'><strong>⁸),</strong></span> <span class='ocrx_word' id='word_1_71' title='bbox 1206 1171 1486 1214; x_wconf 84' lang='lat' dir='ltr'><strong>Salaminiam</strong></span> <span class='ocrx_word' id='word_1_72' title='bbox 1518 1170 1707 1225; x_wconf 87' lang='lat' dir='ltr'><strong>fortasse,</strong></span> 
     </span>
    </p>
   </div>
   <div class='ocr_carea' id='block_1_3' title="bbox 258 1259 1706 1319">
    <p class='ocr_par' dir='ltr' id='par_1_3' title="bbox 258 1259 1706 1319">
     <span class='ocr_line' id='line_1_11' title="bbox 258 1259 1706 1319; baseline -0.002 -17"><span class='ocrx_word' id='word_1_73' title='bbox 258 1262 648 1318; x_wconf 84' lang='lat' dir='ltr'><strong>repraesentabant,</strong></span> <span class='ocrx_word' id='word_1_74' title='bbox 667 1262 855 1305; x_wconf 88' lang='lat' dir='ltr'><strong>fabulam</strong></span> <span class='ocrx_word' id='word_1_75' title='bbox 872 1261 1158 1319; x_wconf 87' lang='lat' dir='ltr'><strong>spectantibus</strong></span> <span class='ocrx_word' id='word_1_76' title='bbox 1174 1259 1450 1318; x_wconf 89' lang='lat' dir='ltr'><strong>probabiliter</strong></span> <span class='ocrx_word' id='word_1_77' title='bbox 1462 1262 1563 1301; x_wconf 88' lang='lat' dir='ltr'><strong>nota</strong></span> <span class='ocrx_word' id='word_1_78' title='bbox 1573 1261 1706 1301; x_wconf 90' lang='lat' dir='ltr'><strong>erant.</strong></span> 
     </span>
    </p>
   </div>
   <div class='ocr_carea' id='block_1_4' title="bbox 258 1434 1714 2371">
    <p class='ocr_par' dir='ltr' id='par_1_4' title="bbox 258 1434 1713 2196">
     <span class='ocr_line' id='line_1_12' title="bbox 317 1434 1708 1494; baseline -0.002 -15"><span class='ocrx_word' id='word_1_79' title='bbox 317 1434 438 1485; x_wconf 84' lang='lat' dir='ltr'><strong>Quae</strong></span> <span class='ocrx_word' id='word_1_80' title='bbox 453 1437 622 1494; x_wconf 88' lang='lat' dir='ltr'><strong>proprie</strong></span> <span class='ocrx_word' id='word_1_81' title='bbox 653 1436 911 1480; x_wconf 89' lang='lat' dir='ltr'><strong>scribendi</strong></span> <span class='ocrx_word' id='word_1_82' title='bbox 942 1451 1021 1480; x_wconf 92' lang='lat' dir='ltr'><strong>ars</strong></span> <span class='ocrx_word' id='word_1_83' title='bbox 1053 1436 1292 1494; x_wconf 88' lang='lat' dir='ltr'><strong>appellatur</strong></span> <span class='ocrx_word' id='word_1_84' title='bbox 1308 1435 1497 1478; x_wconf 86' lang='lat' dir='ltr'><strong>Homero</strong></span> <span class='ocrx_word' id='word_1_85' title='bbox 1518 1434 1708 1491; x_wconf 88' lang='lat' dir='ltr'><strong>ignotam</strong></span> 
     </span>
     <span class='ocr_line' id='line_1_13' title="bbox 259 1515 1710 1581; baseline -0.001 -17"><span class='ocrx_word' id='word_1_86' title='bbox 259 1522 388 1566; x_wconf 86' lang='lat' dir='ltr'><strong>fuisse</strong></span> <span class='ocrx_word' id='word_1_87' title='bbox 435 1515 511 1566; x_wconf 69' lang='lat' dir='ltr'><strong>vix‘</strong></span> <span class='ocrx_word' id='word_1_88' title='bbox 556 1539 660 1581; x_wconf 91' lang='lat' dir='ltr'><strong>opus</strong></span> <span class='ocrx_word' id='word_1_89' title='bbox 707 1529 771 1567; x_wconf 90' lang='lat' dir='ltr'><strong>est</strong></span> <span class='ocrx_word' id='word_1_90' title='bbox 811 1528 859 1566; x_wconf 90' lang='lat' dir='ltr'><strong>ut</strong></span> <span class='ocrx_word' id='word_1_91' title='bbox 888 1527 1112 1567; x_wconf 88' lang='lat' dir='ltr'><strong>moneatur</strong></span> <span class='ocrx_word' id='word_1_92' title='bbox 1126 1523 1185 1579; x_wconf 79' lang='lat'><strong>4);</strong></span> <span class='ocrx_word' id='word_1_93' title='bbox 1218 1522 1341 1579; x_wconf 89' lang='lat' dir='ltr'><strong>signa</strong></span> <span class='ocrx_word' id='word_1_94' title='bbox 1372 1522 1487 1565; x_wconf 89' lang='lat' dir='ltr'><strong>enim</strong></span> <span class='ocrx_word' id='word_1_95' title='bbox 1517 1521 1563 1563; x_wconf 91' lang='lat' dir='ltr'><strong>in</strong></span> <span class='ocrx_word' id='word_1_96' title='bbox 1594 1521 1710 1577; x_wconf 89' lang='lat' dir='ltr'><strong>ligno</strong></span> 
     </span>
     <span class='ocr_line' id='line_1_14' title="bbox 259 1608 1710 1668; baseline -0.001 -16"><span class='ocrx_word' id='word_1_97' title='bbox 259 1610 474 1667; x_wconf 88' lang='lat' dir='ltr'><strong>scalpendi</strong></span> <span class='ocrx_word' id='word_1_98' title='bbox 515 1611 596 1653; x_wconf 88' lang='lat' dir='ltr'><strong>arti</strong></span> <span class='ocrx_word' id='word_1_99' title='bbox 638 1611 870 1668; x_wconf 87' lang='lat' dir='ltr'><strong>scripturae</strong></span> <span class='ocrx_word' id='word_1_100' title='bbox 911 1625 1067 1654; x_wconf 92' lang='lat' dir='ltr'><strong>nomen</strong></span> <span class='ocrx_word' id='word_1_101' title='bbox 1098 1610 1305 1652; x_wconf 87' lang='lat' dir='ltr'><strong>vindicari</strong></span> <span class='ocrx_word' id='word_1_102' title='bbox 1336 1623 1422 1651; x_wconf 90' lang='lat' dir='ltr'><strong>non</strong></span> <span class='ocrx_word' id='word_1_103' title='bbox 1451 1613 1600 1666; x_wconf 90' lang='lat' dir='ltr'><strong>potest.</strong></span> <span class='ocrx_word' id='word_1_104' title='bbox 1634 1608 1710 1650; x_wconf 84' lang='lat' dir='ltr'><strong>Ni-</strong></span> 
     </span>
     <span class='ocr_line' id='line_1_15' title="bbox 258 1697 1711 1755; baseline -0.001 -14"><span class='ocrx_word' id='word_1_105' title='bbox 258 1698 322 1741; x_wconf 93' lang='lat' dir='ltr'><strong>hil</strong></span> <span class='ocrx_word' id='word_1_106' title='bbox 352 1697 466 1742; x_wconf 91' lang='lat' dir='ltr'><strong>enim</strong></span> <span class='ocrx_word' id='word_1_107' title='bbox 495 1698 576 1742; x_wconf 89' lang='lat' dir='ltr'><strong>hac</strong></span> <span class='ocrx_word' id='word_1_108' title='bbox 605 1699 650 1741; x_wconf 94' lang='lat' dir='ltr'><strong>in</strong></span> <span class='ocrx_word' id='word_1_109' title='bbox 680 1714 726 1742; x_wconf 88' lang='lat' dir='ltr'><strong>re</strong></span> <span class='ocrx_word' id='word_1_110' title='bbox 757 1700 902 1742; x_wconf 82' lang='lat' dir='ltr'><strong>valent</strong></span> <span class='ocrx_word' id='word_1_111' title='bbox 932 1699 1114 1753; x_wconf 83' lang='lat' dir='ltr'><strong>fabulae,</strong></span> <span class='ocrx_word' id='word_1_112' title='bbox 1147 1713 1172 1741; x_wconf 90' lang='lat' dir='ltr'><strong>a</strong></span> <span class='ocrx_word' id='word_1_113' title='bbox 1202 1697 1336 1755; x_wconf 90' lang='lat' dir='ltr'><strong>poetis</strong></span> <span class='ocrx_word' id='word_1_114' title='bbox 1367 1697 1556 1740; x_wconf 89' lang='lat' dir='ltr'><strong>Homero</strong></span> <span class='ocrx_word' id='word_1_115' title='bbox 1572 1700 1711 1740; x_wconf 89' lang='lat' dir='ltr'><strong>aetate</strong></span> 
     </span>
     <span class='ocr_line' id='line_1_16' title="bbox 259 1784 1711 1844; baseline -0.001 -15"><span class='ocrx_word' id='word_1_116' title='bbox 259 1787 394 1830; x_wconf 90' lang='lat' dir='ltr'><strong>multo</strong></span> <span class='ocrx_word' id='word_1_117' title='bbox 422 1787 737 1844; x_wconf 86' lang='lat' dir='ltr'><strong>posterioribus,</strong></span> <span class='ocrx_word' id='word_1_118' title='bbox 771 1788 1034 1844; x_wconf 86' lang='lat' dir='ltr'><strong>excogitatae</strong></span> <span class='ocrx_word' id='word_1_119' title='bbox 1065 1791 1107 1830; x_wconf 93' lang='lat' dir='ltr'><strong>et</strong></span> <span class='ocrx_word' id='word_1_120' title='bbox 1138 1790 1377 1844; x_wconf 86' lang='lat' dir='ltr'><strong>pugnantes</strong></span> <span class='ocrx_word' id='word_1_121' title='bbox 1408 1799 1503 1828; x_wconf 88' lang='lat' dir='ltr'><strong>cum</strong></span> <span class='ocrx_word' id='word_1_122' title='bbox 1520 1799 1622 1827; x_wconf 87' lang='lat' dir='ltr'><strong>vera</strong></span> <span class='ocrx_word' id='word_1_123' title='bbox 1638 1784 1711 1828; x_wconf 92' lang='lat' dir='ltr'><strong>ho-</strong></span> 
     </span>
     <span class='ocr_line' id='line_1_17' title="bbox 259 1872 1713 1932; baseline -0.002 -16"><span class='ocrx_word' id='word_1_124' title='bbox 259 1874 424 1917; x_wconf 92' lang='lat' dir='ltr'><strong>minum</strong></span> <span class='ocrx_word' id='word_1_125' title='bbox 469 1874 729 1918; x_wconf 87' lang='lat' dir='ltr'><strong>educationis</strong></span> <span class='ocrx_word' id='word_1_126' title='bbox 775 1876 996 1932; x_wconf 90' lang='lat' dir='ltr'><strong>cultusque</strong></span> <span class='ocrx_word' id='word_1_127' title='bbox 1036 1874 1226 1917; x_wconf 90' lang='lat' dir='ltr'><strong>historia.</strong></span> <span class='ocrx_word' id='word_1_128' title='bbox 1289 1873 1358 1916; x_wconf 82' lang='lat' dir='ltr'><strong>Sic</strong></span> <span class='ocrx_word' id='word_1_129' title='bbox 1409 1873 1522 1915; x_wconf 89' lang='lat' dir='ltr'><strong>inter</strong></span> <span class='ocrx_word' id='word_1_130' title='bbox 1576 1872 1713 1914; x_wconf 90' lang='lat' dir='ltr'><strong>multa</strong></span> 
     </span>
     <span class='ocr_line' id='line_1_18' title="bbox 258 1961 1710 2020; baseline -0.002 -16"><span class='ocrx_word' id='word_1_131' title='bbox 258 1962 476 2017; x_wconf 90' lang='lat' dir='ltr'><strong>beneficia,</strong></span> <span class='ocrx_word' id='word_1_132' title='bbox 533 1963 686 2020; x_wconf 92' lang='lat' dir='ltr'><strong>quibus</strong></span> <span class='ocrx_word' id='word_1_133' title='bbox 746 1963 978 2006; x_wconf 88' lang='lat' dir='ltr'><strong>secundum</strong></span> <span class='ocrx_word' id='word_1_134' title='bbox 1038 1962 1300 2019; x_wconf 80' lang='lat' dir='ltr'><strong>Aeschylum</strong></span> <span class='ocrx_word' id='word_1_135' title='bbox 1335 1961 1370 2016; x_wconf 79' lang='lat'><strong>⁵)</strong></span> <span class='ocrx_word' id='word_1_136' title='bbox 1416 1961 1710 2014; x_wconf 82' lang='lat' dir='ltr'><strong>Prometheus,</strong></span> 
     </span>
     <span class='ocr_line' id='line_1_19' title="bbox 260 2047 1712 2107; baseline -0.002 -16"><span class='ocrx_word' id='word_1_137' title='bbox 260 2052 368 2092; x_wconf 88' lang='lat' dir='ltr'><strong>teste</strong></span> <span class='ocrx_word' id='word_1_138' title='bbox 408 2049 611 2107; x_wconf 85' lang='lat' dir='ltr'><strong>Euripide</strong></span> <span class='ocrx_word' id='word_1_139' title='bbox 630 2050 662 2104; x_wconf 75' lang='grc'><strong>6)</strong></span> <span class='ocrx_word' id='word_1_140' title='bbox 705 2050 957 2093; x_wconf 88' lang='lat' dir='ltr'><strong>Palamedes</strong></span> <span class='ocrx_word' id='word_1_141' title='bbox 998 2050 1192 2092; x_wconf 90' lang='lat' dir='ltr'><strong>homines</strong></span> <span class='ocrx_word' id='word_1_142' title='bbox 1230 2048 1382 2103; x_wconf 85' lang='lat' dir='ltr'><strong>affecit,</strong></span> <span class='ocrx_word' id='word_1_143' title='bbox 1418 2048 1547 2091; x_wconf 92' lang='lat' dir='ltr'><strong>etiam</strong></span> <span class='ocrx_word' id='word_1_144' title='bbox 1584 2047 1712 2102; x_wconf 86' lang='lat' dir='ltr'><strong>„obli-</strong></span> 
     </span>
     <span class='ocr_line' id='line_1_20' title="bbox 261 2136 1300 2196; baseline 0 -18"><span class='ocrx_word' id='word_1_145' title='bbox 261 2136 399 2179; x_wconf 81' lang='lat' dir='ltr'><strong>vionis</strong></span> <span class='ocrx_word' id='word_1_146' title='bbox 428 2137 692 2180; x_wconf 88' lang='lat' dir='ltr'><strong>remedium’&#39;</strong></span> <span class='ocrx_word' id='word_1_147' title='bbox 725 2138 958 2196; x_wconf 89' lang='lat' dir='ltr'><strong>scripturae</strong></span> <span class='ocrx_word' id='word_1_148' title='bbox 987 2138 1177 2181; x_wconf 83' lang='lat' dir='ltr'><strong>inventio</strong></span> <span class='ocrx_word' id='word_1_149' title='bbox 1208 2138 1300 2179; x_wconf 88' lang='lat' dir='ltr'><strong>fuit.</strong></span> 
     </span>
    </p>

    <p class='ocr_par' dir='ltr' id='par_1_5' title="bbox 262 2223 1714 2371">
     <span class='ocr_line' id='line_1_21' title="bbox 320 2223 1712 2283; baseline -0.001 -16"><span class='ocrx_word' id='word_1_150' title='bbox 320 2224 436 2267; x_wconf 90' lang='lat' dir='ltr'><strong>Hinc</strong></span> <span class='ocrx_word' id='word_1_151' title='bbox 474 2230 697 2268; x_wconf 89' lang='lat' dir='ltr'><strong>occurrunt</strong></span> <span class='ocrx_word' id='word_1_152' title='bbox 737 2226 849 2283; x_wconf 88' lang='lat' dir='ltr'><strong>apud</strong></span> <span class='ocrx_word' id='word_1_153' title='bbox 888 2226 1069 2282; x_wconf 90' lang='lat' dir='ltr'><strong>tragicos</strong></span> <span class='ocrx_word' id='word_1_154' title='bbox 1108 2225 1317 2283; x_wconf 90' lang='lat' dir='ltr'><strong>plurimae</strong></span> <span class='ocrx_word' id='word_1_155' title='bbox 1354 2223 1627 2281; x_wconf 89' lang='lat' dir='ltr'><strong>metaphorae</strong></span> <span class='ocrx_word' id='word_1_156' title='bbox 1658 2223 1712 2266; x_wconf 90' lang='lat' dir='ltr'><strong>ab</strong></span> 
     </span>
     <span class='ocr_line' id='line_1_22' title="bbox 262 2311 1714 2371; baseline -0.001 -16"><span class='ocrx_word' id='word_1_157' title='bbox 262 2317 353 2356; x_wconf 89' lang='lat' dir='ltr'><strong>arte</strong></span> <span class='ocrx_word' id='word_1_158' title='bbox 398 2313 605 2356; x_wconf 91' lang='lat' dir='ltr'><strong>scribendi</strong></span> <span class='ocrx_word' id='word_1_159' title='bbox 650 2314 808 2371; x_wconf 88' lang='lat' dir='ltr'><strong>petitae</strong></span> <span class='ocrx_word' id='word_1_160' title='bbox 855 2319 897 2356; x_wconf 91' lang='lat' dir='ltr'><strong>et</strong></span> <span class='ocrx_word' id='word_1_161' title='bbox 942 2314 1174 2356; x_wconf 89' lang='lat' dir='ltr'><strong>translatae</strong></span> <span class='ocrx_word' id='word_1_162' title='bbox 1216 2312 1270 2354; x_wconf 90' lang='lat' dir='ltr'><strong>ad</strong></span> <span class='ocrx_word' id='word_1_163' title='bbox 1309 2312 1386 2354; x_wconf 90' lang='lat' dir='ltr'><strong>illa</strong></span> <span class='ocrx_word' id='word_1_164' title='bbox 1417 2311 1714 2367; x_wconf 89' lang='lat' dir='ltr'><strong>antiquissima</strong></span> 
     </span>
    </p>
   </div>
   <div class='ocr_carea' id='block_1_5' title="bbox 260 2399 1711 2459">
    <p class='ocr_par' dir='ltr' id='par_1_6' title="bbox 260 2399 1711 2459">
     <span class='ocr_line' id='line_1_23' title="bbox 260 2399 1711 2459; baseline -0.001 -16"><span class='ocrx_word' id='word_1_165' title='bbox 260 2404 464 2458; x_wconf 92' lang='lat' dir='ltr'><strong>tempora.</strong></span> <span class='ocrx_word' id='word_1_166' title='bbox 508 2401 597 2443; x_wconf 90' lang='lat' dir='ltr'><strong>Ubi</strong></span> <span class='ocrx_word' id='word_1_167' title='bbox 637 2416 715 2444; x_wconf 86' lang='lat' dir='ltr'><strong>v.e.</strong></span> <span class='ocrx_word' id='word_1_168' title='bbox 743 2402 1047 2459; x_wconf 90' lang='lat' dir='ltr'><strong>Neoptolemus</strong></span> <span class='ocrx_word' id='word_1_169' title='bbox 1095 2401 1361 2443; x_wconf 82' lang='lat' dir='ltr'><strong>Philoctetae</strong></span> <span class='ocrx_word' id='word_1_170' title='bbox 1393 2399 1553 2457; x_wconf 90' lang='lat' dir='ltr'><strong>aliquid</strong></span> <span class='ocrx_word' id='word_1_171' title='bbox 1584 2414 1711 2456; x_wconf 88' lang='lat' dir='ltr'><strong>quam</strong></span> 
     </span>
    </p>
   </div>
   <div class='ocr_carea' id='block_1_6' title="bbox 264 2503 540 2509">
    <p class='ocr_par' dir='ltr' id='par_1_7' title="bbox 264 2503 540 2509">
     <span class='ocr_line' id='line_1_24' title="bbox 264 2503 540 2509; baseline 0 0"><span class='ocrx_word' id='word_1_172' title='bbox 264 2503 540 2509; x_wconf 95' lang='lat' dir='ltr'><strong> </strong></span> 
     </span>
    </p>
   </div>
   <div class='ocr_carea' id='block_1_7' title="bbox 308 2533 1566 2701">
    <p class='ocr_par' dir='ltr' id='par_1_8' title="bbox 308 2533 1566 2701">
     <span class='ocr_line' id='line_1_25' title="bbox 308 2533 1485 2580; baseline 0 -10"><span class='ocrx_word' id='word_1_173' title='bbox 308 2535 336 2578; x_wconf 81' lang='lat'><strong>¹)</strong></span> <span class='ocrx_word' id='word_1_174' title='bbox 360 2535 436 2570; x_wconf 89' lang='lat' dir='ltr'><strong>Ion.</strong></span> <span class='ocrx_word' id='word_1_175' title='bbox 465 2536 706 2571; x_wconf 85' lang='lat'>1143—1165.</span> <span class='ocrx_word' id='word_1_176' title='bbox 732 2556 778 2562; x_wconf 86' lang='lat'>—</span> <span class='ocrx_word' id='word_1_177' title='bbox 803 2535 830 2578; x_wconf 88' lang='lat'><strong>²)</strong></span> <span class='ocrx_word' id='word_1_178' title='bbox 856 2535 932 2570; x_wconf 91' lang='lat' dir='ltr'><strong>Ion.</strong></span> <span class='ocrx_word' id='word_1_179' title='bbox 961 2537 1050 2570; x_wconf 79' lang='lat'>1160</span> <span class='ocrx_word' id='word_1_180' title='bbox 1075 2545 1153 2580; x_wconf 90' lang='lat' dir='ltr'><strong>sqq.</strong></span> <span class='ocrx_word' id='word_1_181' title='bbox 1181 2554 1224 2560; x_wconf 90' lang='lat'>—</span> <span class='ocrx_word' id='word_1_182' title='bbox 1253 2534 1279 2575; x_wconf 88' lang='lat'><strong>³)</strong></span> <span class='ocrx_word' id='word_1_183' title='bbox 1308 2533 1355 2569; x_wconf 87' lang='lat' dir='ltr'><strong>id.</strong></span> <span class='ocrx_word' id='word_1_184' title='bbox 1385 2536 1485 2570; x_wconf 84' lang='lat'>1159.</span> 
     </span>
     <span class='ocr_line' id='line_1_26' title="bbox 308 2593 1566 2638; baseline 0 -9"><span class='ocrx_word' id='word_1_185' title='bbox 308 2594 337 2638; x_wconf 83' lang='lat'><strong>⁴)</strong></span> <span class='ocrx_word' id='word_1_186' title='bbox 363 2593 416 2630; x_wconf 86' lang='lat' dir='ltr'><strong>cf.</strong></span> <span class='ocrx_word' id='word_1_187' title='bbox 443 2593 564 2629; x_wconf 86' lang='lat' dir='ltr'><strong>Wolfii</strong></span> <span class='ocrx_word' id='word_1_188' title='bbox 589 2594 689 2631; x_wconf 79' lang='lat' dir='ltr'><strong>Prol.</strong></span> <span class='ocrx_word' id='word_1_189' title='bbox 715 2593 762 2629; x_wconf 77' lang='lat' dir='ltr'><strong>cwl</strong></span> <span class='ocrx_word' id='word_1_190' title='bbox 788 2593 896 2630; x_wconf 86' lang='lat' dir='ltr'><strong>Hom.</strong></span> <span class='ocrx_word' id='word_1_191' title='bbox 922 2605 953 2629; x_wconf 87' lang='lat' dir='ltr'><strong>c.</strong></span> <span class='ocrx_word' id='word_1_192' title='bbox 979 2593 1060 2634; x_wconf 75' lang='lat' dir='ltr'><strong>XX,</strong></span> <span class='ocrx_word' id='word_1_193' title='bbox 1086 2593 1183 2629; x_wconf 86' lang='lat' dir='ltr'>XXI.</span> <span class='ocrx_word' id='word_1_194' title='bbox 1210 2613 1256 2619; x_wconf 74' lang='lat'><strong>--</strong></span> <span class='ocrx_word' id='word_1_195' title='bbox 1282 2593 1309 2638; x_wconf 86' lang='lat'><strong>⁵)</strong></span> <span class='ocrx_word' id='word_1_196' title='bbox 1337 2595 1457 2628; x_wconf 82' lang='lat' dir='ltr'><strong>Prom.</strong></span> <span class='ocrx_word' id='word_1_197' title='bbox 1483 2594 1566 2629; x_wconf 88' lang='grc'><strong>460.</strong></span> 
     </span>
     <span class='ocr_line' id='line_1_27' title="bbox 312 2651 1171 2701; baseline -0.002 -12"><span class='ocrx_word' id='word_1_198' title='bbox 312 2653 344 2700; x_wconf 75' lang='lat'><strong>⁶)</strong></span> <span class='ocrx_word' id='word_1_199' title='bbox 368 2653 454 2689; x_wconf 86' lang='lat' dir='ltr'><strong>Eur.</strong></span> <span class='ocrx_word' id='word_1_200' title='bbox 479 2652 610 2701; x_wconf 79' lang='lat' dir='ltr'><strong>fragm.</strong></span> <span class='ocrx_word' id='word_1_201' title='bbox 635 2654 703 2690; x_wconf 84' lang='lat'><strong>582</strong></span> <span class='ocrx_word' id='word_1_202' title='bbox 727 2652 774 2689; x_wconf 84' lang='lat' dir='ltr'><strong>cf.</strong></span> <span class='ocrx_word' id='word_1_203' title='bbox 798 2652 908 2699; x_wconf 87' lang='lat' dir='ltr'><strong>Soph.</strong></span> <span class='ocrx_word' id='word_1_204' title='bbox 933 2651 1066 2699; x_wconf 83' lang='lat' dir='ltr'><strong>fragm.</strong></span> <span class='ocrx_word' id='word_1_205' title='bbox 1092 2653 1171 2688; x_wconf 85' lang='lat'><strong>379.</strong></span> 
     </span>
    </p>
   </div>
  </div>
 </body>
</html>
