2080 3314
692 925 1301 976 PRAEFATIO.

975 1189 1092 1224 »Haec
1130 1189 1339 1233 conscripta
1376 1189 1535 1223 arbitror
1563 1200 1585 1223 a
1611 1189 1728 1233 poetis

927 1238 968 1271 ut
1005 1235 1146 1270 effictos
1187 1239 1330 1270 nostros
1369 1247 1486 1270 mores
1524 1235 1561 1269 in
1598 1236 1728 1271 alienis

923 1283 1086 1328 personis
1113 1293 1394 1327 expressamque
1420 1283 1617 1327 imaginem
1642 1294 1728 1317 nos-

931 1332 1011 1365 trae
1037 1330 1133 1364 vitae
1158 1329 1395 1374 quotidianae
1422 1328 1663 1364 videremus.'’

1158 1376 1231 1411 Cic.
1259 1376 1367 1411 Rosc.
1392 1376 1476 1411 Am.
1501 1375 1598 1420 XVI,
1623 1378 1679 1412 47.

931 1428 1047 1464 οἰκεῖα
1070 1427 1264 1477 πράγματ’
1286 1426 1462 1475 εἰσάγων,
1476 1423 1530 1468 οἷς
1540 1426 1728 1479 χρώμεθ’,

931 1483 984 1526 οἷς
1007 1485 1205 1534 ξύνεσμεν.

1347 1539 1460 1575 Arist.
1487 1539 1578 1575 Ran.
1603 1542 1682 1577 959.

337 1762 550 1820 Tempora
579 1762 895 1806 confunduntur
925 1777 952 1806 a
980 1767 1107 1820 poeta
1137 1777 1268 1820 quum
1298 1762 1506 1819 homineS,
1525 1763 1650 1819 facta,
1668 1763 1733 1806 in-

282 1850 442 1905 stituta,
488 1850 812 1905 consuetudines
860 1854 1151 1894 memorantur
1196 1854 1239 1893 et
1284 1850 1564 1905 celebrantur,
1602 1865 1733 1908 quum

282 1938 476 1982 notiones
507 1943 551 1982 et
581 1939 818 1982 sententiae
848 1943 1135 1996 exponuntur,
1167 1953 1276 1996 quae
1292 1953 1388 1981 cum
1404 1943 1605 1996 tempore,
1625 1939 1735 1997 quod

283 2040 434 2070 revera
461 2030 587 2083 poeta
617 2027 734 2084 operi
766 2041 842 2070 suo
874 2026 1037 2081 tribuit,
1069 2026 1322 2083 discrepant,
1351 2041 1479 2084 quam
1495 2031 1735 2084 temporum

285 2113 572 2157 confusionem
603 2113 767 2157 Graeca
798 2128 900 2156 voce
931 2113 1302 2156 anachronismum
1329 2113 1519 2156 dicimus.

344 2200 511 2245 Fabula
555 2215 643 2244 una
687 2200 890 2258 Aeschyli
927 2206 1118 2258 excepta,
1152 2215 1260 2258 quae
1290 2201 1449 2244 Persae
1479 2202 1734 2257 inscribitur,

286 2293 437 2348 poetae
467 2288 621 2333 Graeci
650 2289 696 2332 in
728 2289 956 2346 tragoediis
988 2289 1110 2332 nobis
1127 2289 1305 2332 servatis
1322 2293 1506 2332 aetatem
1524 2289 1737 2333 heroicam

287 2375 543 2420 describunt.
621 2376 748 2421 Unde
818 2392 920 2421 vero
978 2377 1094 2419 illius
1154 2377 1306 2420 aetatis
1364 2377 1596 2434 imaginem
1656 2378 1738 2421 sibi

287 2465 517 2509 informare
555 2468 752 2522 poterant
791 2465 973 2522 tragici?
1005 2465 1076 2508 Ex
1106 2465 1296 2509 Homero
1326 2466 1417 2509 sine
1447 2466 1588 2521 dubio,
1620 2466 1738 2509 cuius
1771 2465 1772 2469 ’

290 2554 480 2598 carmina
531 2554 660 2598 etiam
719 2555 997 2611 posteriorum
1054 2554 1294 2597 fabularum
1346 2555 1520 2598 nucleus
1566 2555 1737 2598 fuerint.

290 2641 430 2686 Multa
458 2657 623 2700 quoque
653 2642 804 2699 tragici
830 2657 854 2685 e
870 2643 1004 2700 poetis
1021 2642 1186 2699 cyclicis
1202 2646 1488 2699 sumpserunt,
1507 2643 1579 2700 qui
1596 2647 1739 2686 tamen

1630 2713 1642 2745 1
