2080 3314
1123 394 1175 434 66

492 517 740 560 Palamedes
769 500 976 560 scribendi
1007 521 1097 561 arte
1125 517 1301 561 inventa
1328 517 1467 560 docuit
1487 517 1710 574 emptionis
1724 517 1863 574 legem

435 605 705 659 conscribere,
747 618 855 662 quae
894 605 1113 648 mendacia
1152 609 1195 648 et
1223 605 1318 648 lites
1347 608 1634 662 praeverteret
1649 603 1695 659 ¹).
1754 604 1864 648 Sunt

434 691 505 748 qui
548 694 699 748 putent
738 715 792 720 ——
832 691 919 746 sed,
965 694 1169 748 quantum
1215 690 1407 748 equidem
1451 690 1636 733 iudicare
1678 704 1861 748 possum,

434 778 552 820 nulla
580 777 710 821 coacti
738 778 999 834 necessitate,
1031 803 1085 808 —
1117 777 1292 821 Orestae
1321 778 1452 820 verba
1479 775 1606 820 πάντ’
1638 774 1863 820 ἀνεσκευά-

436 867 587 919 σμεθα
617 861 664 921 2),
724 865 915 922 „penitus
969 865 1105 908 eversi
1160 863 1331 906 sumus”
1390 864 1593 921 pecuniae
1646 864 1862 920 negotium

435 956 636 1010 spectare,
678 951 778 1008 quia
815 951 982 1009 proprie
1020 950 1100 995 hoc
1129 951 1306 994 verbum
1341 951 1503 994 dicatur
1532 950 1584 994 de
1614 950 1864 1007 argentariis

434 1041 522 1085 foro
551 1039 806 1084 cedentibus.

488 1212 720 1271 Amplioris
749 1216 1065 1256 mercaturae
1094 1216 1138 1255 et
1153 1212 1390 1268 longiorum
1404 1212 1647 1255 itinerum
1676 1210 1864 1255 indicia

433 1301 665 1358 reperimus
726 1299 887 1356 quoties
947 1299 1133 1355 tragicae
1173 1313 1377 1356 personae
1427 1299 1599 1354 fructus,
1650 1298 1862 1354 animalia,

435 1387 626 1431 officinae
657 1400 796 1444 opera,
828 1400 936 1443 quae
965 1390 1053 1428 tam
1069 1386 1247 1442 singulis
1264 1385 1466 1429 Graeciae
1481 1386 1722 1442 regionibus
1738 1400 1864 1443 quam

434 1474 726 1519 remotioribus
770 1474 893 1516 terris
922 1460 1092 1531 propria
1132 1477 1243 1529 sunt,
1274 1478 1483 1517 noverunt
1510 1474 1645 1531 iisque
1673 1456 1873 1516 utuntur.»

434 1560 546 1618 Equi
589 1560 850 1603 Venetorum
866 1555 897 1613 3)
942 1558 1126 1602 Aetnaei
1155 1560 1258 1601 muli
1275 1556 1322 1614 4),
1373 1573 1497 1602 canes
1526 1559 1723 1602 Laconici
1737 1558 1770 1613 ε·)
1800 1573 1865 1601 sa-

433 1647 655 1704 gacissimi,
701 1646 915 1701 Indorum,
962 1646 1035 1703 qui
1078 1645 1358 1703 Aethiopibus
1403 1646 1530 1688 vicini
1575 1649 1685 1700 sunt,
1717 1645 1865 1688 cameli

432 1734 599 1777 instrati
626 1728 658 1788 ὃ)
689 1734 926 1776 laudantur.
973 1733 1011 1775 E
1057 1733 1277 1777 Thessalia
1315 1734 1479 1789 galeros
1505 1732 1538 1786 ⁷)
1564 1736 1607 1775 et
1645 1746 1776 1788 arma,
1817 1735 1864 1774 ut

432 1821 603 1864 hastilia
633 1819 678 1874 8),
736 1823 950 1863 arcessunt
994 1824 1037 1862 et
1054 1807 1065 1824 '
1081 1821 1234 1863 cultros
1264 1820 1312 1875 9),
1367 1820 1440 1876 qui
1483 1819 1654 1863 maioris
1706 1819 1864 1862 formae

434 1908 519 1951 sint
549 1921 675 1964 quam
706 1907 852 1950 Dorici
869 1907 932 1961 10).
964 1906 1134 1963 Syrium
1164 1906 1477 1950 malabathrum
1506 1910 1550 1949 et
1564 1906 1663 1949 thus
1679 1906 1743 1962 1¹),
1768 1906 1864 1968 Sar-

433 1994 549 2037 dium
561 1995 763 2037 electrum
776 1994 839 2049 12),
852 1993 1044 2036 Indicum
1061 2007 1211 2036 aurum
1228 1993 1292 2049 ¹3),
1305 1993 1554 2052 Thracicum
1565 1997 1788 2050 argentum
1799 1992 1863 2049 14),

435 2096 458 2125 e
512 2081 712 2137 Pangaeo
766 2063 908 2124 monte
947 2080 1156 2136 effossum,
1193 2081 1384 2137 glaesum
1428 2095 1452 2123 e
1481 2070 1603 2124 'Padi
1645 2080 1800 2123 vicinia
1815 2079 1864 2135 15)

433 2169 485 2211 iis
514 2173 615 2212 nota
644 2171 753 2211 sunt.
815 2167 852 2210 Ε
882 2167 1064 2211 Thracia
1092 2171 1339 2224 exportatur
1367 2167 1514 2210 vinum
1543 2167 1776 2225 Byblinum
1796 2167 1866 2210 vel

436 2255 686 2299 Thracicum
712 2252 776 2310 16),
828 2254 937 2311 quod
990 2255 1035 2297 in
1080 2254 1259 2311 quodam
1299 2253 1514 2312 Euripidis
1558 2254 1794 2311 fragmento
1814 2251 1864 2310 ¹⁷)

481 2388 510 2434 1)
534 2388 623 2423 Eur.
647 2387 778 2433 fragm.
804 2388 884 2431 582,
911 2398 959 2423 va.
984 2388 1006 2422 8
1031 2398 1108 2432 sqq.
1132 2405 1177 2415 -·
1201 2389 1232 2430 2)
1257 2387 1345 2422 Eur.
1371 2386 1429 2422 El.
1456 2389 1533 2424 602.

481 2446 511 2489 3)
537 2446 645 2491 Hipp.
670 2447 749 2490 231,
775 2446 874 2480 1131.
900 2464 945 2471 —
968 2444 1000 2487 4)
1027 2443 1066 2480 0.
1092 2443 1129 2480 C.
1155 2446 1233 2480 312.
1260 2465 1300 2470 —
1326 2446 1356 2487 5)
1382 2444 1439 2480 Ai.
1463 2447 1496 2480 8.

480 2506 509 2547 6)
534 2503 665 2538 Aesch.
691 2502 816 2548 Suppl.
842 2503 911 2537 284
935 2513 1011 2547 sqq.
1036 2522 1082 2527 —
1107 2502 1136 2548 ⁷)
1164 2501 1204 2537 O.
1229 2500 1266 2537 O.
1291 2504 1369 2538 314.
1397 2523 1442 2528 -
1467 2505 1496 2546 8)
1521 2502 1631 2548 Hipp.
1655 2504 1733 2539 221.

480 2564 509 2605 9)
536 2561 620 2596 Eur.
647 2560 703 2595 El.
729 2561 807 2595 836.
831 2580 878 2586 —
902 2561 946 2603 10)
970 2560 1021 2595 id.
1045 2561 1123 2595 819.
1148 2581 1195 2587 —
1218 2561 1263 2603 11)
1287 2559 1355 2605 Ag.
1383 2562 1483 2602 1312,
1508 2560 1639 2596 Bacch.
1666 2562 1742 2598 144.

481 2620 528 2666 12)
554 2619 639 2655 Ant.
668 2620 756 2655 1037
782 2629 859 2663 sqq.
884 2637 928 2644 —-
958 2619 1004 2664 13)
1033 2618 1140 2654 Rhes.
1165 2619 1244 2653 955.
1268 2638 1314 2645 —
1338 2619 1384 2661 14)
1410 2618 1520 2653 Rhes.
1546 2620 1625 2654 971.

481 2680 527 2724 15)
551 2678 663 2723 Hipp.
687 2679 765 2712 737.
793 2679 836 2719 10)
861 2676 936 2712 Ion.
962 2678 1062 2711 1195.
1086 2696 1132 2702 -
1157 2676 1202 2722 ιτ)
1226 2675 1371 2711 Bekker
1395 2676 1529 2712 Aowcd.
1561 2678 1660 2712 1187.
