2080 3314
892 345 948 394 63

195 477 471 541 navigantem
518 473 689 524 Thebas
735 474 958 521 advenisse
1005 477 1151 518 narrat
1168 473 1214 528 ,).
1277 472 1428 531 Itaque.
1474 486 1560 517 non
1590 496 1647 527 ex

196 566 358 615 oriente
388 564 462 608 sed
493 577 549 610 ex
578 563 790 609 occidente
818 563 1018 606 mulieres
1044 562 1252 619 profectas
1279 576 1370 605 esse
1394 561 1647 618 Hartungus

195 652 423 701 contendit.
442 648 597 700 Virum
620 651 801 705 doctum,
820 654 867 692 ut
884 650 1052 708 saepius
1069 650 1114 693 in
1135 664 1210 693 suo
1221 650 1464 706 ceteroquin
1477 649 1648 706 egregio

196 755 337 803 opere,
383 754 439 784 ex
484 737 563 782 hoc
593 739 683 782 loco
713 739 837 796 plura
867 738 1020 782 elicere
1050 752 1177 794 quam
1208 752 1254 780 re
1285 752 1390 780 vera
1419 741 1545 794 poeta
1576 736 1647 779 de-

195 828 318 884 derit,
363 827 666 887 unusquisque,
699 826 766 868 oui
807 840 893 868 non
926 825 981 867 sit
1016 824 1306 883 praeiudicata
1336 824 1491 883 opinio,
1525 824 1648 867 facile

195 915 416 963 concedet!
449 914 538 958 Ubi
556 914 669 957 enim
685 914 866 970 legimus
883 928 953 956 eas
970 926 1046 970 per
1062 917 1198 955 totum
1214 912 1296 955 iter
1313 911 1483 955 favonio
1498 911 1648 969 idoneo

196 1017 295 1050 usas
325 1003 449 1046 esse?
509 1001 664 1044 Nonne
695 999 916 1058 Zephyrus
947 1000 1189 1045 commodus
1221 1004 1284 1045 est
1314 1003 1466 1044 ventus
1500 998 1649 1042 Corin-

196 1091 385 1134 thiacum
430 1090 571 1132 sinum
617 1088 876 1132 intrantibus
907 1092 950 1130 et
981 1085 1175 1141 Oreusin,
1208 1086 1262 1129 ad
1292 1086 1575 1143 Thespiarum
1608 1089 1650 1128 et

197 1176 444 1221 Thebarum
474 1180 656 1234 portum,
689 1189 857 1218 cursum
889 1174 1202 1231 dirigentibus?
1249 1173 1429 1231 Tyrium
1459 1187 1577 1216 mare
1608 1177 1651 1216 et

198 1262 348 1308 urbem
393 1264 439 1306 in
483 1263 625 1306 insula
669 1262 794 1304 sitam
842 1276 886 1304 se
933 1261 1154 1319 reliquisse
1201 1260 1352 1306 chorus
1383 1261 1509 1316 canit,
1542 1275 1650 1319 quae

199 1350 331 1394 verba
360 1351 496 1394 solum
526 1350 690 1406 Tyrum
721 1363 807 1392 non
833 1347 1152 1405 Carthaginem,
1179 1349 1226 1391 in
1241 1349 1495 1407 paeninsula
1510 1348 1649 1403 sitam,

213 1442 403 1499 spectare
419 1441 606 1495 possunt.
625 1436 881 1480 Communes
913 1451 1004 1480 esse
1020 1437 1251 1481 amicorum
1268 1437 1445 1492 dolores,
1464 1451 1650 1480 eommu-

198 1540 275 1570 nes
301 1526 444 1580 etiam,
473 1506 508 1567 si
535 1524 637 1583 quid
663 1539 841 1585 passura
867 1525 921 1566 sit
936 1524 1042 1568 haec
1072 1529 1199 1580 terra,
1232 1525 1447 1568 affirmant
1470 1525 1517 1580 2),
1551 1524 1651 1582 quia

199 1611 350 1656 Cadmi
395 1611 641 1657 Thebarum
687 1612 911 1655 conditoris
957 1613 1140 1671 patriam
1187 1612 1394 1655 habitent.
1468 1613 1650 1656 Pietatis

199 1700 314 1744 enim
354 1700 572 1743 vinculum
614 1700 865 1758 plerumque
901 1699 975 1741 diu
1005 1700 1219 1743 exstitisse
1250 1701 1362 1743 inter
1392 1701 1577 1744 colonias
1609 1706 1652 1744 et
1695 1689 1698 1691 ,

197 1788 325 1831 urbes
354 1787 468 1830 unde
498 1786 707 1844 originem
734 1786 951 1829 duxerunt
978 1785 1238 1831 Graecorum
1254 1787 1432 1831 historia
1462 1788 1652 1831 omnium

199 1879 438 1936 temporum
467 1873 599 1919 docet.

259 2049 567 2107 Navigatio
624 2063 719 2092 cum
766 2049 970 2093 mercium
1016 2050 1251 2094 mutatione
1297 2050 1520 2095 coniuncta
1566 2051 1652 2096 iam

200 2137 359 2181 dudum
390 2137 503 2195 apud
532 2138 708 2195 populos
740 2136 993 2194 Orientales,
1022 2139 1271 2196 praesertim
1289 2139 1403 2196 apud
1418 2139 1654 2182 Phoenices

202 2225 392 2279 florebat,
424 2239 555 2281 quum
586 2225 752 2279 Graeci,
785 2226 938 2282 quibus
970 2230 1109 2268 certae
1140 2226 1261 2269 sedes
1292 2226 1479 2269 nondum
1498 2231 1651 2281 essent,

202 2311 465 2368 navigationi
495 2326 667 2368 operam
698 2311 798 2355 dare
829 2326 883 2354 ne
901 2312 1136 2368 cogitarent
1153 2312 1336 2369 quidem.
1370 2312 1595 2355 Insulanos
1619 2313 1653 2367 3)

202 2403 348 2457 postea
393 2398 551 2455 primos
597 2398 867 2454 navigatores
915 2402 957 2441 et
997 2399 1173 2456 proinde
1210 2400 1368 2458 primos
1398 2404 1653 2443 mercatores

251 2512 439 2581 ¹)'Phoen.
466 2538 535 2573 202
559 2547 638 2583 sqq.
664 2557 709 2562 —
733 2535 762 2579 2)
788 2536 838 2572 id.
863 2538 943 2574 242.

248 2598 279 2642 3)
303 2597 447 2634 Lemnii
482 2602 519 2633 et
553 2595 687 2642 Taphii
711 2597 858 2632 tantum
884 2595 985 2644 apud
1011 2596 1210 2633 Homerum
1235 2597 1407 2644 exiguam
1435 2598 1526 2634 mari
1552 2609 1654 2635 exer·

203 2660 288 2694 cent
312 2659 568 2695 mercaturam.
