<?xml version="1.0" encoding="UTF-8"?>
<!DOCTYPE html PUBLIC "-//W3C//DTD XHTML 1.0 Transitional//EN"
    "http://www.w3.org/TR/xhtml1/DTD/xhtml1-transitional.dtd">
<html xmlns="http://www.w3.org/1999/xhtml" xml:lang="en" lang="en">
 <head>
  <title>
</title>
<meta http-equiv="Content-Type" content="text/html;charset=utf-8" />
  <meta name='ocr-system' content='tesseract 3.04.00' />
  <meta name='ocr-capabilities' content='ocr_page ocr_carea ocr_par ocr_line ocrx_word'/>
</head>
<body>
  <div class='ocr_page' id='page_1' title='image "./detragicorumanac00striuoft_0118.png"; bbox 0 0 2080 3314; ppageno 0'>
   <div class='ocr_carea' id='block_1_1' title="bbox 1064 371 1145 413">
    <p class='ocr_par' dir='ltr' id='par_1_1' title="bbox 1064 371 1145 413">
     <span class='ocr_line' id='line_1_1' title="bbox 1064 371 1145 413; baseline 0.012 -1"><span class='ocrx_word' id='word_1_1' title='bbox 1064 371 1145 413; x_wconf 85' lang='lat'>106-</span> 
     </span>
    </p>
   </div>
   <div class='ocr_carea' id='block_1_2' title="bbox 375 498 1877 2379">
    <p class='ocr_par' dir='ltr' id='par_1_2' title="bbox 375 498 1822 2205">
     <span class='ocr_line' id='line_1_2' title="bbox 382 498 1820 554; baseline 0 -12"><span class='ocrx_word' id='word_1_2' title='bbox 382 502 580 542; x_wconf 89' lang='lat' dir='ltr'>eventum</span> <span class='ocrx_word' id='word_1_3' title='bbox 632 498 887 553; x_wconf 87' lang='lat' dir='ltr'>ariolentur,</span> <span class='ocrx_word' id='word_1_4' title='bbox 940 512 1076 554; x_wconf 90' lang='lat' dir='ltr'>neque</span> <span class='ocrx_word' id='word_1_5' title='bbox 1126 498 1306 541; x_wconf 88' lang='lat' dir='ltr'>secundo</span> <span class='ocrx_word' id='word_1_6' title='bbox 1357 498 1557 542; x_wconf 86' lang='lat' dir='ltr'>sacrificio</span> <span class='ocrx_word' id='word_1_7' title='bbox 1604 514 1674 542; x_wconf 86' lang='lat' dir='ltr'>eos</span> <span class='ocrx_word' id='word_1_8' title='bbox 1717 499 1820 543; x_wconf 86' lang='lat' dir='ltr'>inci-</span> 
     </span>
     <span class='ocr_line' id='line_1_3' title="bbox 381 586 1820 644; baseline 0.001 -16"><span class='ocrx_word' id='word_1_9' title='bbox 381 590 489 629; x_wconf 89' lang='lat' dir='ltr'>tatos</span> <span class='ocrx_word' id='word_1_10' title='bbox 529 586 597 628; x_wconf 91' lang='lat' dir='ltr'>vel</span> <span class='ocrx_word' id='word_1_11' title='bbox 638 586 820 628; x_wconf 88' lang='lat' dir='ltr'>infausto</span> <span class='ocrx_word' id='word_1_12' title='bbox 861 586 1103 628; x_wconf 87' lang='lat' dir='ltr'>absterritos</span> <span class='ocrx_word' id='word_1_13' title='bbox 1145 600 1234 628; x_wconf 91' lang='lat' dir='ltr'>esse</span> <span class='ocrx_word' id='word_1_14' title='bbox 1271 587 1463 643; x_wconf 90' lang='lat' dir='ltr'>legimus.</span> <span class='ocrx_word' id='word_1_15' title='bbox 1497 586 1820 644; x_wconf 87' lang='lat' dir='ltr'>Adstipulamur</span> 
     </span>
     <span class='ocr_line' id='line_1_4' title="bbox 379 670 1820 730; baseline 0.001 -15"><span class='ocrx_word' id='word_1_16' title='bbox 379 674 510 730; x_wconf 87' lang='lat' dir='ltr'>igitur</span> <span class='ocrx_word' id='word_1_17' title='bbox 535 671 747 714; x_wconf 87' lang='lat' dir='ltr'>Lobeckio</span> <span class='ocrx_word' id='word_1_18' title='bbox 774 671 825 714; x_wconf 93' lang='lat' dir='ltr'>de</span> <span class='ocrx_word' id='word_1_19' title='bbox 855 671 1010 726; x_wconf 91' lang='lat' dir='ltr'>Leode,</span> <span class='ocrx_word' id='word_1_20' title='bbox 1042 670 1253 728; x_wconf 72' lang='grc' dir='ltr'><strong><em>θυοσκόῳ,</em></strong></span> <span class='ocrx_word' id='word_1_21' title='bbox 1285 673 1396 715; x_wconf 89' lang='lat' dir='ltr'>inter</span> <span class='ocrx_word' id='word_1_22' title='bbox 1425 687 1569 730; x_wconf 84' lang='lat' dir='ltr'>procos</span> <span class='ocrx_word' id='word_1_23' title='bbox 1601 674 1653 716; x_wconf 90' lang='lat' dir='ltr'>ab</span> <span class='ocrx_word' id='word_1_24' title='bbox 1686 673 1820 716; x_wconf 83' lang='lat' dir='ltr'>Ulixe</span> 
     </span>
     <span class='ocr_line' id='line_1_5' title="bbox 379 759 1819 813; baseline 0.001 -12"><span class='ocrx_word' id='word_1_25' title='bbox 379 760 611 813; x_wconf 85' lang='lat' dir='ltr'>interfecto,</span> <span class='ocrx_word' id='word_1_26' title='bbox 650 759 901 801; x_wconf 88' lang='lat' dir='ltr'>affirmanti:</span> <span class='ocrx_word' id='word_1_27' title='bbox 939 760 1124 813; x_wconf 88' lang='lat' dir='ltr'>„nullam</span> <span class='ocrx_word' id='word_1_28' title='bbox 1163 773 1304 802; x_wconf 90' lang='lat' dir='ltr'>rerum</span> <span class='ocrx_word' id='word_1_29' title='bbox 1334 760 1572 803; x_wconf 87' lang='lat' dir='ltr'>futurarum</span> <span class='ocrx_word' id='word_1_30' title='bbox 1602 761 1819 804; x_wconf 88' lang='lat' dir='ltr'>scientiam</span> 
     </span>
     <span class='ocr_line' id='line_1_6' title="bbox 378 845 1818 904; baseline 0.001 -15"><span class='ocrx_word' id='word_1_31' title='bbox 378 847 576 889; x_wconf 86' lang='lat' dir='ltr'>habuisse</span> <span class='ocrx_word' id='word_1_32' title='bbox 607 845 943 888; x_wconf 88' lang='lat' dir='ltr'>valentissimum</span> <span class='ocrx_word' id='word_1_33' title='bbox 975 850 1272 901; x_wconf 81' lang='lat' dir='ltr'><strong>argumentum</strong></span> <span class='ocrx_word' id='word_1_34' title='bbox 1304 850 1379 901; x_wconf 88' lang='lat' dir='ltr'>est,</span> <span class='ocrx_word' id='word_1_35' title='bbox 1414 847 1524 903; x_wconf 92' lang='lat' dir='ltr'>quod</span> <span class='ocrx_word' id='word_1_36' title='bbox 1546 862 1683 904; x_wconf 91' lang='lat' dir='ltr'>neque</span> <span class='ocrx_word' id='word_1_37' title='bbox 1699 862 1818 891; x_wconf 87' lang='lat' dir='ltr'>suam</span> 
     </span>
     <span class='ocr_line' id='line_1_7' title="bbox 378 933 1818 990; baseline 0.001 -14"><span class='ocrx_word' id='word_1_38' title='bbox 378 948 515 990; x_wconf 90' lang='lat' dir='ltr'>neque</span> <span class='ocrx_word' id='word_1_39' title='bbox 555 933 783 975; x_wconf 90' lang='lat' dir='ltr'>amicorum</span> <span class='ocrx_word' id='word_1_40' title='bbox 825 936 978 975; x_wconf 90' lang='lat' dir='ltr'>sortem</span> <span class='ocrx_word' id='word_1_41' title='bbox 1019 947 1104 975; x_wconf 91' lang='lat' dir='ltr'>non</span> <span class='ocrx_word' id='word_1_42' title='bbox 1143 933 1266 976; x_wconf 91' lang='lat' dir='ltr'>modo</span> <span class='ocrx_word' id='word_1_43' title='bbox 1307 934 1517 990; x_wconf 79' lang='lat' dir='ltr'>praevidit</span> <span class='ocrx_word' id='word_1_44' title='bbox 1557 934 1630 976; x_wconf 88' lang='lat' dir='ltr'>sed</span> <span class='ocrx_word' id='word_1_45' title='bbox 1659 949 1714 977; x_wconf 91' lang='lat' dir='ltr'>ne</span> <span class='ocrx_word' id='word_1_46' title='bbox 1745 949 1818 978; x_wconf 87' lang='lat' dir='ltr'>ex-</span> 
     </span>
     <span class='ocr_line' id='line_1_8' title="bbox 378 1018 1820 1077; baseline 0.001 -15"><span class='ocrx_word' id='word_1_47' title='bbox 378 1021 542 1077; x_wconf 88' lang='lat' dir='ltr'>plorare</span> <span class='ocrx_word' id='word_1_48' title='bbox 582 1019 751 1075; x_wconf 89' lang='lat' dir='ltr'>quidem</span> <span class='ocrx_word' id='word_1_49' title='bbox 792 1034 867 1076; x_wconf 89' lang='lat' dir='ltr'>per</span> <span class='ocrx_word' id='word_1_50' title='bbox 908 1023 1008 1062; x_wconf 83' lang='lat' dir='ltr'>exta</span> <span class='ocrx_word' id='word_1_51' title='bbox 1049 1024 1221 1062; x_wconf 89' lang='lat' dir='ltr'>conatus</span> <span class='ocrx_word' id='word_1_52' title='bbox 1251 1020 1342 1063; x_wconf 86' lang='lat' dir='ltr'>est’&#39;</span> <span class='ocrx_word' id='word_1_53' title='bbox 1380 1018 1426 1074; x_wconf 89' lang='lat'>¹).</span> <span class='ocrx_word' id='word_1_54' title='bbox 1459 1020 1745 1064; x_wconf 78' lang='lat' dir='ltr'>Nihilominus</span> <span class='ocrx_word' id='word_1_55' title='bbox 1774 1022 1820 1064; x_wconf 92' lang='lat' dir='ltr'>in</span> 
     </span>
     <span class='ocr_line' id='line_1_9' title="bbox 377 1106 1821 1165; baseline 0 -15"><span class='ocrx_word' id='word_1_56' title='bbox 377 1107 604 1163; x_wconf 84' lang='lat' dir='ltr'>tragoediis</span> <span class='ocrx_word' id='word_1_57' title='bbox 650 1107 868 1162; x_wconf 87' lang='lat' dir='ltr'>utriusque</span> <span class='ocrx_word' id='word_1_58' title='bbox 913 1106 1184 1150; x_wconf 77' lang='lat' dir='ltr'>divinationis</span> <span class='ocrx_word' id='word_1_59' title='bbox 1230 1121 1363 1163; x_wconf 88' lang='lat' dir='ltr'>genus</span> <span class='ocrx_word' id='word_1_60' title='bbox 1409 1107 1663 1163; x_wconf 79' lang='lat' dir='ltr'>invenimus,</span> <span class='ocrx_word' id='word_1_61' title='bbox 1711 1108 1821 1165; x_wconf 91' lang='lat' dir='ltr'>quod</span> 
     </span>
     <span class='ocr_line' id='line_1_10' title="bbox 376 1192 1822 1250; baseline 0.001 -14"><span class='ocrx_word' id='word_1_62' title='bbox 376 1194 568 1236; x_wconf 89' lang='lat' dir='ltr'>homines</span> <span class='ocrx_word' id='word_1_63' title='bbox 625 1209 651 1236; x_wconf 90' lang='lat' dir='ltr'>a</span> <span class='ocrx_word' id='word_1_64' title='bbox 706 1194 959 1236; x_wconf 86' lang='lat' dir='ltr'>Prometheo</span> <span class='ocrx_word' id='word_1_65' title='bbox 1016 1194 1206 1237; x_wconf 80' lang='lat' dir='ltr'>didicisse</span> <span class='ocrx_word' id='word_1_66' title='bbox 1264 1194 1386 1250; x_wconf 86' lang='lat' dir='ltr'>fingit</span> <span class='ocrx_word' id='word_1_67' title='bbox 1430 1193 1666 1250; x_wconf 81' lang='lat' dir='ltr'>Aeschylus</span> <span class='ocrx_word' id='word_1_68' title='bbox 1684 1192 1732 1248; x_wconf 70' lang='lat'>2),</span> <span class='ocrx_word' id='word_1_69' title='bbox 1779 1198 1822 1237; x_wconf 90' lang='lat' dir='ltr'>et</span> 
     </span>
     <span class='ocr_line' id='line_1_11' title="bbox 376 1280 1819 1337; baseline -0.001 -14"><span class='ocrx_word' id='word_1_70' title='bbox 376 1281 565 1323; x_wconf 87' lang='lat' dir='ltr'>Theseus</span> <span class='ocrx_word' id='word_1_71' title='bbox 616 1281 728 1323; x_wconf 91' lang='lat' dir='ltr'>inter</span> <span class='ocrx_word' id='word_1_72' title='bbox 779 1281 903 1335; x_wconf 89' lang='lat' dir='ltr'>bona,</span> <span class='ocrx_word' id='word_1_73' title='bbox 958 1295 1066 1337; x_wconf 89' lang='lat' dir='ltr'>quae</span> <span class='ocrx_word' id='word_1_74' title='bbox 1117 1281 1185 1323; x_wconf 89' lang='lat' dir='ltr'>dei</span> <span class='ocrx_word' id='word_1_75' title='bbox 1236 1280 1477 1325; x_wconf 87' lang='lat' dir='ltr'>hominibus</span> <span class='ocrx_word' id='word_1_76' title='bbox 1521 1281 1663 1336; x_wconf 87' lang='lat' dir='ltr'>largiti</span> <span class='ocrx_word' id='word_1_77' title='bbox 1709 1284 1819 1335; x_wconf 88' lang='lat' dir='ltr'>sunt,</span> 
     </span>
     <span class='ocr_line' id='line_1_12' title="bbox 379 1366 1818 1424; baseline -0.001 -14"><span class='ocrx_word' id='word_1_78' title='bbox 379 1371 598 1411; x_wconf 79' lang='lat' dir='ltr'>enumerat</span> <span class='ocrx_word' id='word_1_79' title='bbox 621 1366 653 1420; x_wconf 83' lang='lat'>³)</span> <span class='ocrx_word' id='word_1_80' title='bbox 685 1367 795 1423; x_wconf 91' lang='lat' dir='ltr'>quod</span> <span class='ocrx_word' id='word_1_81' title='bbox 819 1368 966 1423; x_wconf 86' lang='lat' dir='ltr'>ignota</span> <span class='ocrx_word' id='word_1_82' title='bbox 981 1371 1023 1409; x_wconf 93' lang='lat' dir='ltr'>et</span> <span class='ocrx_word' id='word_1_83' title='bbox 1038 1367 1178 1409; x_wconf 91' lang='lat' dir='ltr'>minus</span> <span class='ocrx_word' id='word_1_84' title='bbox 1195 1368 1415 1424; x_wconf 89' lang='lat' dir='ltr'>perspicua</span> <span class='ocrx_word' id='word_1_85' title='bbox 1431 1367 1615 1424; x_wconf 81' lang='lat' dir='ltr'>praedici</span> <span class='ocrx_word' id='word_1_86' title='bbox 1636 1371 1818 1424; x_wconf 78' lang='lat' dir='ltr'>possent.</span> 
     </span>
     <span class='ocr_line' id='line_1_13' title="bbox 377 1452 1820 1511; baseline 0.001 -15"><span class='ocrx_word' id='word_1_87' title='bbox 377 1455 445 1496; x_wconf 90' lang='lat' dir='ltr'>Ita</span> <span class='ocrx_word' id='word_1_88' title='bbox 482 1455 528 1496; x_wconf 91' lang='lat' dir='ltr'>in</span> <span class='ocrx_word' id='word_1_89' title='bbox 568 1454 693 1496; x_wconf 89' lang='lat' dir='ltr'>rebus</span> <span class='ocrx_word' id='word_1_90' title='bbox 724 1454 910 1496; x_wconf 89' lang='lat' dir='ltr'>adversis</span> <span class='ocrx_word' id='word_1_91' title='bbox 944 1452 979 1508; x_wconf 76' lang='lat'>4)</span> <span class='ocrx_word' id='word_1_92' title='bbox 1010 1455 1217 1511; x_wconf 90' lang='lat' dir='ltr'>imprimis</span> <span class='ocrx_word' id='word_1_93' title='bbox 1248 1458 1346 1497; x_wconf 85' lang='lat' dir='ltr'>ante</span> <span class='ocrx_word' id='word_1_94' title='bbox 1376 1455 1582 1511; x_wconf 86' lang='lat' dir='ltr'>proelium</span> <span class='ocrx_word' id='word_1_95' title='bbox 1611 1455 1765 1497; x_wconf 86' lang='lat' dir='ltr'>initum</span> <span class='ocrx_word' id='word_1_96' title='bbox 1785 1454 1820 1508; x_wconf 79' lang='grc'>5)</span> 
     </span>
     <span class='ocr_line' id='line_1_14' title="bbox 377 1540 1820 1596; baseline 0.001 -14"><span class='ocrx_word' id='word_1_97' title='bbox 377 1544 495 1583; x_wconf 87' lang='lat' dir='ltr'>vates</span> <span class='ocrx_word' id='word_1_98' title='bbox 540 1540 773 1582; x_wconf 90' lang='lat' dir='ltr'>hostiarum</span> <span class='ocrx_word' id='word_1_99' title='bbox 819 1544 920 1582; x_wconf 82' lang='lat' dir='ltr'>exta</span> <span class='ocrx_word' id='word_1_100' title='bbox 963 1540 1132 1596; x_wconf 76' lang='lat' dir='ltr'>inspicit</span> <span class='ocrx_word' id='word_1_101' title='bbox 1177 1541 1245 1583; x_wconf 90' lang='lat' dir='ltr'>vel</span> <span class='ocrx_word' id='word_1_102' title='bbox 1291 1542 1481 1584; x_wconf 88' lang='lat' dir='ltr'>flammas</span> <span class='ocrx_word' id='word_1_103' title='bbox 1527 1541 1573 1582; x_wconf 94' lang='lat' dir='ltr'>in</span> <span class='ocrx_word' id='word_1_104' title='bbox 1615 1555 1690 1583; x_wconf 89' lang='lat' dir='ltr'>ara</span> <span class='ocrx_word' id='word_1_105' title='bbox 1725 1555 1820 1584; x_wconf 91' lang='lat' dir='ltr'>con-</span> 
     </span>
     <span class='ocr_line' id='line_1_15' title="bbox 377 1626 1820 1687; baseline 0.001 -19"><span class='ocrx_word' id='word_1_106' title='bbox 377 1627 489 1687; x_wconf 70' lang='lat' dir='ltr'>SUlit.</span> <span class='ocrx_word' id='word_1_107' title='bbox 542 1626 748 1668; x_wconf 89' lang='lat' dir='ltr'>Minutius</span> <span class='ocrx_word' id='word_1_108' title='bbox 798 1627 912 1669; x_wconf 88' lang='lat' dir='ltr'>mala</span> <span class='ocrx_word' id='word_1_109' title='bbox 963 1627 1105 1669; x_wconf 89' lang='lat' dir='ltr'>omina</span> <span class='ocrx_word' id='word_1_110' title='bbox 1150 1641 1244 1669; x_wconf 91' lang='grc'>611111</span> <span class='ocrx_word' id='word_1_111' title='bbox 1290 1627 1336 1669; x_wconf 89' lang='lat' dir='ltr'>in</span> <span class='ocrx_word' id='word_1_112' title='bbox 1381 1627 1600 1684; x_wconf 87' lang='lat' dir='ltr'>extispicio</span> <span class='ocrx_word' id='word_1_113' title='bbox 1643 1630 1735 1669; x_wconf 88' lang='lat' dir='ltr'>tum</span> <span class='ocrx_word' id='word_1_114' title='bbox 1774 1627 1820 1669; x_wconf 92' lang='lat' dir='ltr'>in</span> 
     </span>
     <span class='ocr_line' id='line_1_16' title="bbox 376 1713 1821 1770; baseline -0.001 -13"><span class='ocrx_word' id='word_1_115' title='bbox 376 1714 635 1757; x_wconf 85' lang='lat' dir='ltr'>divinatione</span> <span class='ocrx_word' id='word_1_116' title='bbox 689 1729 744 1756; x_wconf 82' lang='lat' dir='ltr'>ex</span> <span class='ocrx_word' id='word_1_117' title='bbox 793 1714 893 1770; x_wconf 86' lang='lat' dir='ltr'>igne</span> <span class='ocrx_word' id='word_1_118' title='bbox 946 1714 1256 1756; x_wconf 88' lang='lat' dir='ltr'>describuntur:</span> <span class='ocrx_word' id='word_1_119' title='bbox 1303 1714 1496 1756; x_wconf 88' lang='lat' dir='ltr'>iecinoris</span> <span class='ocrx_word' id='word_1_120' title='bbox 1541 1717 1667 1770; x_wconf 88' lang='lat' dir='ltr'>caput</span> <span class='ocrx_word' id='word_1_121' title='bbox 1711 1713 1821 1770; x_wconf 91' lang='lat' dir='ltr'>quod</span> 
     </span>
     <span class='ocr_line' id='line_1_17' title="bbox 375 1800 1820 1858; baseline 0.001 -16"><span class='ocrx_word' id='word_1_122' title='bbox 375 1802 587 1844; x_wconf 86' lang='lat' dir='ltr'>intestinis</span> <span class='ocrx_word' id='word_1_123' title='bbox 623 1801 752 1855; x_wconf 86' lang='lat' dir='ltr'>deest,</span> <span class='ocrx_word' id='word_1_124' title='bbox 793 1801 959 1858; x_wconf 90' lang='lat' dir='ltr'>hepatis</span> <span class='ocrx_word' id='word_1_125' title='bbox 1000 1801 1183 1843; x_wconf 88' lang='lat' dir='ltr'>faucium</span> <span class='ocrx_word' id='word_1_126' title='bbox 1225 1804 1267 1843; x_wconf 89' lang='lat' dir='ltr'>et</span> <span class='ocrx_word' id='word_1_127' title='bbox 1295 1801 1393 1842; x_wconf 88' lang='lat' dir='ltr'>bilis</span> <span class='ocrx_word' id='word_1_128' title='bbox 1430 1800 1681 1857; x_wconf 89' lang='lat' dir='ltr'>receptaculi</span> <span class='ocrx_word' id='word_1_129' title='bbox 1709 1800 1820 1843; x_wconf 89' lang='lat' dir='ltr'>inso-</span> 
     </span>
     <span class='ocr_line' id='line_1_18' title="bbox 376 1886 1820 1945; baseline -0.001 -15"><span class='ocrx_word' id='word_1_130' title='bbox 376 1889 476 1931; x_wconf 91' lang='lat' dir='ltr'>litus</span> <span class='ocrx_word' id='word_1_131' title='bbox 510 1889 613 1931; x_wconf 89' lang='lat' dir='ltr'>situs</span> <span class='ocrx_word' id='word_1_132' title='bbox 647 1888 887 1945; x_wconf 85' lang='lat' dir='ltr'>Eurystheo</span> <span class='ocrx_word' id='word_1_133' title='bbox 919 1888 1032 1930; x_wconf 89' lang='lat' dir='ltr'>mala</span> <span class='ocrx_word' id='word_1_134' title='bbox 1057 1887 1335 1944; x_wconf 78' lang='lat' dir='ltr'>portendunt3</span> <span class='ocrx_word' id='word_1_135' title='bbox 1353 1887 1386 1941; x_wconf 77' lang='grc' dir='ltr'>ὃ)</span> <span class='ocrx_word' id='word_1_136' title='bbox 1413 1887 1606 1929; x_wconf 87' lang='lat' dir='ltr'>similiter</span> <span class='ocrx_word' id='word_1_137' title='bbox 1635 1886 1820 1930; x_wconf 86' lang='lat' dir='ltr'>Tiresias</span> 
     </span>
     <span class='ocr_line' id='line_1_19' title="bbox 376 1974 1819 2032; baseline -0.001 -15"><span class='ocrx_word' id='word_1_138' title='bbox 376 1975 513 2018; x_wconf 89' lang='lat' dir='ltr'>tristia</span> <span class='ocrx_word' id='word_1_139' title='bbox 543 1975 749 2032; x_wconf 89' lang='lat' dir='ltr'>quaedam</span> <span class='ocrx_word' id='word_1_140' title='bbox 779 1975 877 2017; x_wconf 91' lang='lat' dir='ltr'>inde</span> <span class='ocrx_word' id='word_1_141' title='bbox 907 1974 1121 2031; x_wconf 84' lang='lat' dir='ltr'>praesagit</span> <span class='ocrx_word' id='word_1_142' title='bbox 1151 1974 1260 2030; x_wconf 89' lang='lat' dir='ltr'>quod</span> <span class='ocrx_word' id='word_1_143' title='bbox 1289 1975 1460 2025; x_wconf 84' lang='lat' dir='ltr'>flamma</span> <span class='ocrx_word' id='word_1_144' title='bbox 1489 1988 1574 2016; x_wconf 92' lang='lat' dir='ltr'>non</span> <span class='ocrx_word' id='word_1_145' title='bbox 1604 1974 1819 2030; x_wconf 86' lang='lat' dir='ltr'>promicet,</span> 
     </span>
     <span class='ocr_line' id='line_1_20' title="bbox 377 2060 1820 2119; baseline -0.001 -15"><span class='ocrx_word' id='word_1_146' title='bbox 377 2062 504 2119; x_wconf 87' lang='lat' dir='ltr'>adeps</span> <span class='ocrx_word' id='word_1_147' title='bbox 533 2062 782 2118; x_wconf 88' lang='lat' dir='ltr'>liquefactus</span> <span class='ocrx_word' id='word_1_148' title='bbox 813 2076 906 2104; x_wconf 90' lang='lat' dir='ltr'>cum</span> <span class='ocrx_word' id='word_1_149' title='bbox 937 2062 1078 2103; x_wconf 88' lang='lat' dir='ltr'>cinere</span> <span class='ocrx_word' id='word_1_150' title='bbox 1107 2061 1344 2115; x_wconf 90' lang='lat' dir='ltr'>misceatur,</span> <span class='ocrx_word' id='word_1_151' title='bbox 1376 2061 1522 2114; x_wconf 86' lang='lat' dir='ltr'>fumet,</span> <span class='ocrx_word' id='word_1_152' title='bbox 1555 2060 1820 2117; x_wconf 86' lang='lat' dir='ltr'>dispergatur</span> 
     </span>
     <span class='ocr_line' id='line_1_21' title="bbox 378 2146 1379 2205; baseline -0.003 -14"><span class='ocrx_word' id='word_1_153' title='bbox 378 2153 419 2192; x_wconf 89' lang='lat' dir='ltr'>et</span> <span class='ocrx_word' id='word_1_154' title='bbox 449 2149 506 2191; x_wconf 82' lang='lat' dir='ltr'>fel</span> <span class='ocrx_word' id='word_1_155' title='bbox 532 2149 769 2205; x_wconf 81' lang='lat' dir='ltr'>dissipetur.</span> <span class='ocrx_word' id='word_1_156' title='bbox 791 2147 823 2202; x_wconf 76' lang='lat'>⁷)</span> <span class='ocrx_word' id='word_1_157' title='bbox 855 2147 956 2190; x_wconf 88' lang='lat' dir='ltr'>Alia</span> <span class='ocrx_word' id='word_1_158' title='bbox 989 2148 1090 2190; x_wconf 88' lang='lat' dir='ltr'>alibi</span> <span class='ocrx_word' id='word_1_159' title='bbox 1120 2148 1323 2189; x_wconf 87' lang='lat' dir='ltr'>invenies.</span> <span class='ocrx_word' id='word_1_160' title='bbox 1346 2146 1379 2200; x_wconf 76' lang='grc' dir='ltr'>Θ)</span> 
     </span>
    </p>

    <p class='ocr_par' dir='ltr' id='par_1_3' title="bbox 376 2223 1877 2379">
     <span class='ocr_line' id='line_1_22' title="bbox 434 2223 1877 2291; baseline -0.001 -15"><span class='ocrx_word' id='word_1_161' title='bbox 434 2235 693 2291; x_wconf 88' lang='lat' dir='ltr'>Haruspices</span> <span class='ocrx_word' id='word_1_162' title='bbox 746 2239 788 2278; x_wconf 89' lang='lat' dir='ltr'>et</span> <span class='ocrx_word' id='word_1_163' title='bbox 843 2235 1031 2291; x_wconf 87' lang='lat' dir='ltr'>sortilegi</span> <span class='ocrx_word' id='word_1_164' title='bbox 1079 2235 1191 2291; x_wconf 91' lang='lat' dir='ltr'>apud</span> <span class='ocrx_word' id='word_1_165' title='bbox 1235 2234 1488 2276; x_wconf 88' lang='lat' dir='ltr'>recentiores</span> <span class='ocrx_word' id='word_1_166' title='bbox 1532 2234 1638 2276; x_wconf 90' lang='lat' dir='ltr'>lucri</span> <span class='ocrx_word' id='word_1_167' title='bbox 1683 2233 1819 2275; x_wconf 87' lang='lat' dir='ltr'>studio</span> <span class='ocrx_word' id='word_1_168' title='bbox 1873 2223 1877 2227; x_wconf 36' lang='lat'>¹</span> 
     </span>
     <span class='ocr_line' id='line_1_23' title="bbox 376 2320 1820 2379; baseline -0.002 -14"><span class='ocrx_word' id='word_1_169' title='bbox 376 2337 501 2379; x_wconf 87' lang='lat' dir='ltr'>saepe</span> <span class='ocrx_word' id='word_1_170' title='bbox 531 2322 673 2376; x_wconf 90' lang='lat' dir='ltr'>dediti,</span> <span class='ocrx_word' id='word_1_171' title='bbox 708 2322 830 2365; x_wconf 90' lang='lat' dir='ltr'>facile</span> <span class='ocrx_word' id='word_1_172' title='bbox 848 2323 901 2364; x_wconf 90' lang='lat' dir='ltr'>ad</span> <span class='ocrx_word' id='word_1_173' title='bbox 917 2322 1170 2364; x_wconf 88' lang='lat' dir='ltr'>credendum</span> <span class='ocrx_word' id='word_1_174' title='bbox 1186 2321 1392 2378; x_wconf 89' lang='lat' dir='ltr'>impulsae</span> <span class='ocrx_word' id='word_1_175' title='bbox 1407 2320 1669 2362; x_wconf 89' lang='lat' dir='ltr'>multitudini</span> <span class='ocrx_word' id='word_1_176' title='bbox 1685 2321 1820 2363; x_wconf 88' lang='lat' dir='ltr'>maria</span> 
     </span>
    </p>
   </div>
   <div class='ocr_carea' id='block_1_3' title="bbox 379 2408 1818 2465">
    <p class='ocr_par' dir='ltr' id='par_1_4' title="bbox 379 2408 1818 2465">
     <span class='ocr_line' id='line_1_24' title="bbox 379 2408 1818 2465; baseline -0.002 -13"><span class='ocrx_word' id='word_1_177' title='bbox 379 2414 421 2452; x_wconf 88' lang='lat' dir='ltr'>et</span> <span class='ocrx_word' id='word_1_178' title='bbox 450 2413 614 2451; x_wconf 90' lang='lat' dir='ltr'>montes</span> <span class='ocrx_word' id='word_1_179' title='bbox 644 2410 900 2465; x_wconf 82' lang='lat' dir='ltr'>pollicenteS,</span> <span class='ocrx_word' id='word_1_180' title='bbox 934 2409 1180 2452; x_wconf 89' lang='lat' dir='ltr'>auctoritate</span> <span class='ocrx_word' id='word_1_181' title='bbox 1211 2423 1288 2450; x_wconf 88' lang='lat' dir='ltr'>sua</span> <span class='ocrx_word' id='word_1_182' title='bbox 1318 2408 1601 2450; x_wconf 86' lang='lat' dir='ltr'>abutebantur</span> <span class='ocrx_word' id='word_1_183' title='bbox 1632 2411 1674 2450; x_wconf 88' lang='lat' dir='ltr'>et</span> <span class='ocrx_word' id='word_1_184' title='bbox 1691 2408 1818 2450; x_wconf 90' lang='lat' dir='ltr'>simu-</span> 
     </span>
    </p>
   </div>
   <div class='ocr_carea' id='block_1_4' title="bbox 379 2485 651 2490">
    <p class='ocr_par' dir='ltr' id='par_1_5' title="bbox 379 2485 651 2490">
     <span class='ocr_line' id='line_1_25' title="bbox 379 2485 651 2490; baseline 0 0"><span class='ocrx_word' id='word_1_185' title='bbox 379 2485 651 2490; x_wconf 95' lang='lat' dir='ltr'> </span> 
     </span>
    </p>
   </div>
   <div class='ocr_carea' id='block_1_5' title="bbox 424 2509 1817 2730">
    <p class='ocr_par' dir='ltr' id='par_1_6' title="bbox 430 2509 1717 2557">
     <span class='ocr_line' id='line_1_26' title="bbox 430 2509 1717 2557; baseline -0.001 -12"><span class='ocrx_word' id='word_1_186' title='bbox 430 2511 454 2557; x_wconf 83' lang='lat'>¹)</span> <span class='ocrx_word' id='word_1_187' title='bbox 479 2510 638 2552; x_wconf 86' lang='lat' dir='ltr'>Lobeck,</span> <span class='ocrx_word' id='word_1_188' title='bbox 664 2510 840 2556; x_wconf 63' lang='lat' dir='ltr'>Aglaoph.</span> <span class='ocrx_word' id='word_1_189' title='bbox 866 2512 945 2546; x_wconf 85' lang='grc'>268.</span> <span class='ocrx_word' id='word_1_190' title='bbox 970 2511 1017 2546; x_wconf 83' lang='lat' dir='ltr'>cf.</span> <span class='ocrx_word' id='word_1_191' title='bbox 1042 2510 1286 2557; x_wconf 65' lang='lat' dir='ltr'>Nagelsbach,</span> <span class='ocrx_word' id='word_1_192' title='bbox 1310 2509 1418 2545; x_wconf 87' lang='lat' dir='ltr'>Hom.</span> <span class='ocrx_word' id='word_1_193' title='bbox 1447 2509 1563 2545; x_wconf 84' lang='lat' dir='ltr'>Theol.</span> <span class='ocrx_word' id='word_1_194' title='bbox 1590 2509 1635 2552; x_wconf 92' lang='lat' dir='ltr'>V,</span> <span class='ocrx_word' id='word_1_195' title='bbox 1663 2510 1717 2544; x_wconf 84' lang='lat'>19.</span> 
     </span>
    </p>

    <p class='ocr_par' dir='ltr' id='par_1_7' title="bbox 424 2567 1628 2614">
     <span class='ocr_line' id='line_1_27' title="bbox 424 2567 1628 2614; baseline -0.001 -11"><span class='ocrx_word' id='word_1_196' title='bbox 424 2569 450 2611; x_wconf 81' lang='grc'>2)</span> <span class='ocrx_word' id='word_1_197' title='bbox 475 2568 593 2604; x_wconf 88' lang='lat' dir='ltr'>Prom.</span> <span class='ocrx_word' id='word_1_198' title='bbox 619 2570 687 2604; x_wconf 83' lang='lat'>493</span> <span class='ocrx_word' id='word_1_199' title='bbox 713 2579 790 2613; x_wconf 89' lang='lat' dir='ltr'>sqq.</span> <span class='ocrx_word' id='word_1_200' title='bbox 814 2588 860 2594; x_wconf 91' lang='lat'><strong>—</strong></span> <span class='ocrx_word' id='word_1_201' title='bbox 887 2568 915 2614; x_wconf 86' lang='lat'>³)</span> <span class='ocrx_word' id='word_1_202' title='bbox 945 2568 1034 2603; x_wconf 87' lang='lat' dir='ltr'>Eur.</span> <span class='ocrx_word' id='word_1_203' title='bbox 1065 2568 1192 2613; x_wconf 87' lang='lat' dir='ltr'>Suppl.</span> <span class='ocrx_word' id='word_1_204' title='bbox 1218 2570 1295 2603; x_wconf 82' lang='lat'>211.</span> <span class='ocrx_word' id='word_1_205' title='bbox 1323 2588 1367 2593; x_wconf 94' lang='lat'>—-</span> <span class='ocrx_word' id='word_1_206' title='bbox 1394 2567 1421 2610; x_wconf 66' lang='grc'>4)</span> <span class='ocrx_word' id='word_1_207' title='bbox 1450 2567 1477 2602; x_wconf 92' lang='lat'>1.</span> <span class='ocrx_word' id='word_1_208' title='bbox 1504 2567 1546 2602; x_wconf 88' lang='lat' dir='ltr'>T.</span> <span class='ocrx_word' id='word_1_209' title='bbox 1574 2568 1628 2602; x_wconf 92' lang='grc'>16.</span> 
     </span>
    </p>

    <p class='ocr_par' dir='ltr' id='par_1_8' title="bbox 424 2623 1817 2730">
     <span class='ocr_line' id='line_1_28' title="bbox 424 2623 1817 2671; baseline -0.001 -10"><span class='ocrx_word' id='word_1_210' title='bbox 424 2626 450 2669; x_wconf 86' lang='lat'>⁵)</span> <span class='ocrx_word' id='word_1_211' title='bbox 478 2626 620 2661; x_wconf 85' lang='lat' dir='ltr'>Heracl.</span> <span class='ocrx_word' id='word_1_212' title='bbox 645 2627 724 2670; x_wconf 88' lang='lat'>340,</span> <span class='ocrx_word' id='word_1_213' title='bbox 753 2628 830 2669; x_wconf 83' lang='lat'>399,</span> <span class='ocrx_word' id='word_1_214' title='bbox 857 2627 942 2671; x_wconf 82' lang='lat'><strong>6733</strong></span> <span class='ocrx_word' id='word_1_215' title='bbox 971 2626 1060 2660; x_wconf 89' lang='lat' dir='ltr'>Eur.</span> <span class='ocrx_word' id='word_1_216' title='bbox 1086 2625 1212 2671; x_wconf 88' lang='lat' dir='ltr'>Suppl.</span> <span class='ocrx_word' id='word_1_217' title='bbox 1243 2627 1307 2661; x_wconf 81' lang='lat'>155</span> <span class='ocrx_word' id='word_1_218' title='bbox 1332 2637 1408 2671; x_wconf 86' lang='lat' dir='ltr'>sqq.</span> <span class='ocrx_word' id='word_1_219' title='bbox 1435 2645 1482 2651; x_wconf 89' lang='lat'>—-</span> <span class='ocrx_word' id='word_1_220' title='bbox 1505 2624 1532 2668; x_wconf 85' lang='lat'>⁶)</span> <span class='ocrx_word' id='word_1_221' title='bbox 1556 2625 1644 2660; x_wconf 83' lang='lat' dir='ltr'>Eur.</span> <span class='ocrx_word' id='word_1_222' title='bbox 1665 2623 1722 2659; x_wconf 85' lang='lat' dir='ltr'>El.</span> <span class='ocrx_word' id='word_1_223' title='bbox 1738 2625 1817 2661; x_wconf 83' lang='lat'>826.</span> 
     </span>
     <span class='ocr_line' id='line_1_29' title="bbox 429 2681 1758 2730; baseline 0.002 -12"><span class='ocrx_word' id='word_1_224' title='bbox 429 2684 454 2727; x_wconf 81' lang='lat'>⁷)</span> <span class='ocrx_word' id='word_1_225' title='bbox 482 2685 570 2719; x_wconf 86' lang='lat' dir='ltr'>Ant.</span> <span class='ocrx_word' id='word_1_226' title='bbox 597 2685 697 2720; x_wconf 90' lang='lat'>1005.</span> <span class='ocrx_word' id='word_1_227' title='bbox 722 2703 768 2710; x_wconf 94' lang='lat'>—</span> <span class='ocrx_word' id='word_1_228' title='bbox 793 2683 820 2730; x_wconf 79' lang='lat'>⁸)</span> <span class='ocrx_word' id='word_1_229' title='bbox 847 2683 982 2719; x_wconf 86' lang='lat' dir='ltr'>Phoen.</span> <span class='ocrx_word' id='word_1_230' title='bbox 1011 2685 1110 2726; x_wconf 83' lang='lat'>1255,</span> <span class='ocrx_word' id='word_1_231' title='bbox 1137 2682 1246 2730; x_wconf 87' lang='lat' dir='ltr'>Soph.</span> <span class='ocrx_word' id='word_1_232' title='bbox 1276 2683 1409 2730; x_wconf 86' lang='lat' dir='ltr'>fragm.</span> <span class='ocrx_word' id='word_1_233' title='bbox 1433 2684 1502 2718; x_wconf 85' lang='lat'>462</span> <span class='ocrx_word' id='word_1_234' title='bbox 1525 2693 1557 2729; x_wconf 87' lang='lat' dir='ltr'>c,</span> <span class='ocrx_word' id='word_1_235' title='bbox 1581 2681 1652 2730; x_wconf 84' lang='lat' dir='ltr'>Ag.</span> <span class='ocrx_word' id='word_1_236' title='bbox 1678 2683 1758 2720; x_wconf 85' lang='lat'>140.</span> 
     </span>
    </p>
   </div>
   <div class='ocr_carea' id='block_1_6' title="bbox 1947 0 2080 115">
    <p class='ocr_par' dir='ltr' id='par_1_9' title="bbox 1947 0 2080 115">
     <span class='ocr_line' id='line_1_30' title="bbox 1947 0 2080 115; baseline 0 3199"><span class='ocrx_word' id='word_1_237' title='bbox 1947 0 2080 115; x_wconf 95' lang='lat' dir='ltr'> </span> 
     </span>
    </p>
   </div>
  </div>
 </body>
</html>
