2080 3314
1107 377 1160 417 94

411 498 564 540 buisse.
606 497 813 541 Schoellio
851 499 982 555 igitur
1017 514 1101 544 non
1137 501 1276 543 minus
1318 515 1445 558 quam
1476 501 1726 545 Hermanno
1755 516 1848 559 per-

411 598 581 628 suasum
617 589 680 628 est
709 586 787 628 sub
818 585 969 644 Oedipi
997 601 1177 644 persona
1206 588 1413 631 Periclem
1443 588 1699 632 delitescere.
1731 588 1850 638 Quae

410 672 625 715 consensio
654 676 798 716 tamen
827 687 913 716 non
940 674 1116 731 impedit
1146 675 1368 732 quominus
1398 676 1444 717 in
1460 675 1540 718 hac
1557 675 1848 732 disquisitione

410 758 455 799 in
495 758 681 801 diversas
719 762 861 815 partes
901 759 1068 816 abeant3
1106 760 1380 804 Hermannus
1411 761 1524 804 enim
1555 762 1608 804 ad
1639 761 1847 804 Periclem

410 845 735 902 vituperandum
766 850 808 889 et
838 847 1158 904 criminandum,
1191 848 1422 892 Schoellius
1442 849 1495 891 ad
1512 849 1692 892 eundem
1708 849 1847 892 virum

409 933 667 977 laudandum
706 938 749 977 et
787 935 1162 977 commendandum
1209 935 1395 978 fabulam
1440 935 1716 992 conscriptam
1756 949 1848 979 esse

411 1024 543 1078 putat.
586 1020 631 1063 Si
672 1020 922 1064 Hermanno
962 1021 1087 1064 fidem
1122 1021 1281 1064 habeas
1321 1020 1427 1063 illud
1461 1021 1683 1078 „superbia
1711 1021 1848 1078 gignit

410 1107 683 1165 tyrannum”‚
705 1107 735 1162 ¹)
775 1108 850 1150 illa
885 1107 977 1150 dira
1006 1108 1251 1164 imprecatio
1286 1108 1346 1162 „si
1377 1108 1469 1164 quis
1499 1108 1620 1151 dictis
1636 1111 1710 1150 aut
1726 1107 1847 1151 factis

410 1195 564 1252 impius
607 1194 764 1237 incedit
802 1194 900 1237 deos
940 1209 1025 1237 non
1063 1195 1202 1237 colens
1243 1209 1339 1237 eum
1369 1196 1528 1238 malum
1558 1196 1692 1238 fatum
1722 1196 1848 1239 corri-

410 1281 526 1339 piat'’
549 1281 582 1336 2)
614 1281 667 1324 ad
696 1281 840 1338 populi
870 1281 1031 1336 ducem,
1064 1282 1117 1324 ad
1146 1281 1433 1338 Anaxagorae
1462 1283 1712 1340 discipulum
1741 1283 1847 1327 refe-

410 1369 541 1415 renda
570 1383 660 1412 esse
689 1369 907 1412 existimes
934 1373 977 1412 et
1005 1373 1137 1412 totam
1167 1369 1354 1412 fabulam
1370 1370 1523 1426 fictam,
1541 1385 1596 1414 ne
1612 1369 1846 1414 Athenien-

410 1471 475 1500 ses
515 1455 691 1498 Periclis
731 1455 904 1498 consilia
943 1459 1167 1513 sequentes
1212 1457 1373 1513 culpae⁷
1405 1471 1488 1514 qua
1517 1457 1607 1515 ipse
1635 1472 1846 1515 premere-

410 1548 491 1598 tur,
523 1537 770 1599 contagione
799 1543 1083 1586 inficerentur.
1112 1543 1249 1593 Quam
1278 1558 1447 1601 prorsus
1477 1545 1600 1588 aliter
1629 1545 1682 1588 de
1699 1546 1846 1590 eadem

410 1630 626 1686 tragoedia
680 1633 822 1672 censet
876 1629 1130 1673 Schoellius!
1188 1630 1444 1687 Sophocleae
1489 1633 1638 1676 solitae
1683 1633 1845 1676 ironiae

410 1718 615 1761 rationem
650 1716 889 1759 habendam
919 1731 1032 1760 esse:
1066 1731 1177 1786 vana
1205 1718 1287 1760 ista
1317 1719 1504 1774 crimina,
1536 1719 1688 1776 quibus
1719 1720 1844 1764 Oedi-

409 1819 511 1861 pum
551 1790 745 1846 Thebani
773 1804 1044 1859 insumulent‚
1075 1805 1287 1860 integrum
1318 1810 1361 1848 et
1390 1807 1512 1863 culpa
1540 1821 1721 1849 vacuum
1753 1822 1843 1851 esse

414 1890 646 1947 Oedipum:
660 1890 868 1933 Periclem
885 1891 1015 1947 igitur
1033 1905 1117 1934 non
1133 1892 1274 1934 minus
1289 1892 1434 1949 iniquo
1450 1893 1572 1936 modo
1594 1894 1647 1936 ab
1663 1875 1843 1937 Atheni·
1923 1890 1926 1894 ’

410 1978 580 2021 ensibus
597 1978 860 2034 exagitatum
878 1992 981 2021 esse.
1000 1978 1121 2027 Quod
1137 1979 1190 2021 ad
1207 1979 1404 2022 Schoellii
1423 1981 1676 2024 sententiam
1692 1982 1844 2025 attinet

410 2065 561 2122 Oedipi
589 2065 772 2108 indolem
803 2066 942 2108 virum
972 2065 1139 2108 doctum
1169 2080 1253 2108 non
1283 2071 1396 2109 recte
1425 2068 1690 2124 perspexisse
1719 2083 1844 2111 nemo

409 2153 607 2209 negabit·
634 2152 784 2209 Neque
813 2152 1083 2209 parricidium
1113 2153 1345 2196 inconsulte
1374 2159 1675 2211 perpetratum,
1706 2171 1843 2214 neque

408 2242 614 2284 incestum
636 2241 690 2283 ab
706 2240 964 2297 imprudenti
980 2241 1246 2283 commissum
1265 2240 1427 2298 Oedipo
1442 2242 1545 2285 vitio
1561 2243 1689 2285 vertit
1703 2247 1839 2300 poeta,

407 2329 480 2372 sed
508 2327 556 2369 τὸ
584 2327 644 2385 μή
659 2327 749 2369 κατ’
763 2325 1005 2384 ἄνθρωπον
1022 2329 1194 2384 φρονεῖν
1213 2328 1420 2386 Oedipum
1436 2334 1600 2373 sontem
1617 2335 1660 2374 et
1674 2346 1840 2375 coecum

408 2413 544 2456 reddit
564 2417 606 2457 et
625 2414 774 2470 perdit.
789 2414 1063 2457 Hermannus
1075 2420 1217 2458 autem
1231 2415 1296 2458 Ol.
1309 2416 1587 2473 LXXXVII,
1600 2420 1640 2461 3.
1653 2418 1839 2462 fabulam

409 2504 545 2543 actam
590 2515 681 2544 esse
721 2501 852 2557 docet,
891 2502 964 2545 sed
993 2517 1144 2559 parum
1174 2503 1372 2547 credibile
1403 2505 1599 2548 existimo
1628 2507 1731 2563 op'us
1752 2509 1839 2557 tam

457 2661 483 2705 ι)
510 2660 549 2696 0.
575 2661 619 2697 R.
645 2663 723 2712 373.
747 2682 792 2687 -
816 2662 845 2706 2)
870 2662 918 2698 id.
943 2664 1023 2698 sss.
