2080 3314
1124 359 1178 400 36

429 491 598 544 accepta
636 500 814 530 munera
854 486 898 529 in
940 501 1036 530 arca
1078 487 1331 530 abscondere
1350 487 1396 542 ¹),
1434 501 1610 545 eamque
1642 488 1862 532 artificioso

430 574 550 628 nodo,
599 589 722 631 quem
769 574 888 616 Circe
934 575 973 617 ei
1019 579 1303 629 monstrasset,
1351 575 1577 630 occludere,
1626 576 1735 632 quod
1779 590 1864 618 non

431 660 638 703 facturum
671 676 766 703 eum
798 661 924 703 fuisse
956 646 1180 715 assererent,
1213 662 1247 703 si
1279 662 1395 703 anuli
1425 662 1642 717 signatorii
1664 677 1763 704 usus
1779 663 1864 704 iam

428 753 518 790 tum
563 749 760 803 vulgatus
818 748 976 802 fuisset,
1034 757 1140 804 quae
1171 748 1317 790 eadem
1358 749 1592 791 observatio
1631 750 1864 792 necessario

428 835 611 891 pertinet
641 835 695 877 ad
725 835 870 877 domus
901 835 1141 891 obsignatas
1163 835 1195 889 ²)
1229 835 1340 892 apud
1368 840 1512 892 poetas
1542 837 1732 891 tragicos.

485 922 582 963 Non
611 923 747 964 levem
776 926 917 964 autem
939 922 1160 965 thesaurus
1177 938 1202 965 a
1219 923 1531 966 Schliemannio
1547 928 1735 980 repertus
1751 928 1864 967 creat

430 1009 736 1052 difficultatem:
781 1011 815 1051 si
859 1011 971 1052 enim
1013 1010 1093 1052 viri
1133 1010 1372 1065 doctissimi,
1405 1026 1581 1067 quorum
1611 1012 1863 1054 sententiam

429 1112 555 1154 supra
575 1097 606 1151 3)
644 1097 826 1152 laudavi,
854 1113 943 1139 rem
970 1112 1047 1139 acu
1068 1098 1298 1153 tetigerunt
1330 1103 1372 1140 et
1402 1099 1584 1154 pretiosa
1613 1099 1688 1141 illa
1717 1112 1866 1141 revera

429 1184 482 1226 ad
529 1189 718 1241 tempora
765 1184 1075 1227 antehomerica
1120 1185 1346 1241 pertinent,
1393 1184 1559 1226 Plinius
1603 1189 1727 1240 errat,
1765 1199 1863 1227 nam

429 1272 661 1327 complures
693 1271 809 1313 anuli
840 1271 1072 1326 signatorii,
1105 1286 1281 1327 quorum
1299 1272 1455 1327 figuras
1482 1272 1804 1328 xylographicas
1819 1273 1864 1315 in

432 1356 735 1399 Schliemannii
761 1358 867 1400 libro
898 1358 1089 1400 invenire
1130 1363 1246 1414 potes
1269 1358 1315 1412 4),
1348 1358 1536 1414 Mycenis
1567 1359 1722 1415 reperti
1752 1363 1862 1401 sunt.

430 1444 624 1487 Forsitan
670 1445 749 1487 hac
794 1446 838 1486 in
884 1460 928 1487 re
974 1446 1135 1487 cautius
1181 1446 1234 1487 sit
1264 1460 1386 1488 omne
1426 1446 1624 1487 iudicium
1655 1446 1861 1501 cohibere,

431 1533 529 1588 quia
560 1533 696 1575 adhuc
727 1533 804 1575 sub
834 1533 969 1575 iudice
1000 1534 1051 1575 lis
1082 1538 1156 1575 est.

476 1670 505 1714 ¹)
533 1669 598 1704 od.
636 1670 732 1714 VIII,
771 1672 847 1704 443.
890 1690 932 1696 -
970 1670 994 1711 2)
1033 1670 1119 1705 Eur.
1157 1670 1287 1715 fragm.
1325 1672 1388 1705 781
1430 1681 1479 1704 vs.
1507 1671 1559 1710 10,
1586 1669 1690 1705 Herc.
1716 1669 1786 1704 fur.
1811 1671 1866 1713 53,

429 1727 564 1772 Adesp.
591 1728 721 1773 fragm.
748 1730 826 1762 458.
854 1748 894 1753 -—
925 1727 948 1769 ³)
974 1739 1055 1773 pag.
1081 1730 1136 1764 27.

472 1786 502 1829 ⁴)
529 1786 759 1822 Schlicmann
792 1785 965 1831 Mykenae
990 1797 1073 1831 pag.
1098 1788 1177 1827 257,
1203 1787 1281 1828 403,
1307 1787 1383 1820 409.
