2080 3314
941 335 996 377 49

243 470 389 510 tamen
418 477 514 508 cum
545 461 808 520 singulorum
837 462 1014 506 heroum
1047 467 1137 505 tum
1169 462 1296 506 totius
1324 462 1560 521 Spartanae
1593 474 1695 521 gen-

244 553 299 596 tis
333 566 472 595 mores
501 555 550 594 ut
580 551 783 608 pessimos
813 550 1069 593 describunt.
1104 550 1363 594 Praesertim
1395 555 1537 594 autem
1569 550 1695 593 Euri-

243 639 376 698 pides,
408 639 502 682 odio
533 652 698 680 summo
728 638 773 679 in
791 652 862 680 eos
878 638 1080 692 imbutus,
1101 652 1280 695 semper,
1300 639 1427 681 etiam
1447 639 1584 695 operis
1601 639 1696 694 lege

243 741 330 770 non
371 730 582 784 poscente,
631 725 837 768 maledico
883 725 1009 767 dente
1056 739 1126 768 eos
1190 726 1359 782 carpsit,
1407 726 1510 782 quin
1550 725 1697 768 Mene-

243 814 361 856 laum
402 817 492 855 tam
534 812 667 868 nigris
709 811 916 854 coloribus
952 812 998 853 in
1041 811 1218 855 Orestae
1249 812 1395 855 fabula
1425 812 1622 870 depinxit
1651 817 1699 855 ut

244 899 498 943 Aristoteles
516 897 547 954 l)
578 899 657 941 hoc
688 899 779 941 sine
810 900 1060 942 necessitate
1092 899 1250 942 factum
1269 900 1307 942 ei
1326 900 1492 943 obiciat.
1525 899 1698 943 Addere

244 988 378 1046 possis
423 987 577 1029 durum
615 990 657 1028 et
691 990 857 1029 torvum
891 987 1078 1030 Menelai
1110 987 1355 1030 charactera
1387 988 1433 1029 in
1467 987 1700 1045 Sophocleo

245 1075 378 1119 Aiace
394 1071 442 1130 ²),
487 1089 666 1131 quocum
713 1073 858 1117 Aiacis
904 1075 1037 1132 ipsius
1079 1079 1122 1118 et
1154 1075 1307 1118 Teucri
1346 1089 1560 1132 personas,
1595 1091 1700 1133 quas

245 1167 372 1221 poeta
401 1166 522 1205 tanta
551 1162 850 1205 benevolentia
876 1163 1157 1220 prosequitur,
1176 1178 1421 1221 comparare
1438 1179 1591 1221 operae
1607 1179 1700 1222 pre-

246 1251 356 1293 tium
387 1254 463 1293 est.
501 1249 607 1305 „Cui
638 1250 765 1292 timor
796 1250 923 1292 simul
940 1250 1058 1293 adest
1075 1255 1118 1293 et
1134 1250 1268 1308 pudor
1295 1250 1409 1293 hunc
1426 1252 1592 1294 salvum
1610 1266 1702 1295 esse

249 1337 380 1381 scito”
413 1336 447 1391 3)
485 1341 584 1379 sunt
621 1336 807 1380 Menelai
845 1337 976 1380 verba
1008 1352 1031 1379 e
1060 1338 1366 1394 Spartanorum
1393 1339 1600 1381 institutis
1632 1338 1702 1382 de-

249 1428 458 1482 prompta,
470 1424 556 1481 qui,
574 1424 790 1467 civitatem
807 1424 1015 1481 imprimis
1033 1429 1152 1468 metu
1169 1426 1375 1469 contineri
1391 1427 1700 1482 existimantes,

248 1511 431 1555 Timoris
449 1490 598 1555 aedem
615 1512 739 1554 iuxta
755 1512 987 1554 triclinium
1004 1512 1272 1570 Ephororum
1289 1519 1639 1558 consecraverant
1654 1515 1702 1570 4).

249 1599 449 1657 Spartani
478 1600 667 1642 bellicosi
699 1604 798 1642 sunt
829 1600 902 1642 sed
931 1601 1093 1656 inculti,
1125 1602 1186 1644 ita
1216 1606 1263 1644 ut
1293 1603 1328 1644 si
1358 1603 1461 1646 belli
1491 1604 1628 1659 gloria
1659 1607 1702 1646 et

247 1688 408 1746 proelia
436 1688 489 1730 iis
519 1688 714 1731 deessent
744 1688 790 1729 in
820 1689 971 1730 ceteris
988 1689 1125 1732 forent
1142 1690 1362 1733 inferiores
1379 1690 1426 1744 5).
1445 1690 1606 1733 Locum
1629 1691 1703 1733 ubi

249 1775 453 1818 acerrime
500 1775 679 1832 Spartae
724 1776 883 1818 incolas
929 1776 1108 1820 infamat
1156 1782 1199 1820 et
1229 1779 1446 1821 conculcat
1476 1778 1703 1836 Euripides

249 1863 431 1920 legimus
477 1863 524 1904 in
570 1862 896 1906 Andromachae
943 1864 1088 1907 fabula
1104 1865 1150 1919 ⁶).
1200 1865 1379 1909 Poetam
1410 1867 1445 1909 si
1492 1867 1700 1922 audimus,

250 1949 449 1992 dicuntur
490 1949 686 1992 omnibus
726 1950 969 1993 hominibus
999 1952 1294 2008 inimicissimi,
1327 1968 1506 2010 quorum
1538 1959 1702 1998 mentes

250 2037 357 2080 dolis
386 2038 700 2095 mendaciisque
732 2041 926 2096 oppletae
957 2041 1100 2084 omnia
1129 2043 1244 2085 mala
1270 2042 1569 2085 machinantur
1587 2046 1629 2085 et
1647 2067 1701 2072 —

251 2125 562 2168 Atheniensem
578 2126 742 2182 patriae
760 2127 951 2170 hostibus
968 2129 1230 2172 invidentem
1244 2129 1406 2172 audite!
1422 2130 1702 2173 —immerito

251 2215 296 2257 in
328 2214 508 2258 Graecia
537 2215 701 2258 florent.
762 2216 897 2259 Poeta
927 2217 1020 2260 odio
1051 2232 1126 2260 suo
1156 2232 1241 2260 non
1271 2222 1514 2275 temperans
1537 2222 1580 2261 et
1594 2218 1704 2262 iram

251 2300 567 2344 acerbissimam
594 2301 815 2345 effundens
845 2303 982 2357 „Quid
999 2304 1198 2356 scelerisf’
1218 2305 1279 2348 ita
1294 2306 1435 2362 pergit
1455 2306 1600 2361 „vobis
1616 2320 1703 2349 non

250 2388 374 2444 inest,
407 2403 548 2431 nonne
578 2390 786 2446 plurimae
818 2391 979 2447 caedes,
1012 2406 1153 2436 nonne
1170 2394 1283 2450 turpi
1301 2394 1416 2437 lucro
1433 2393 1563 2436 dediti
1581 2394 1702 2437 estis?

250 2490 392 2520 nonne
410 2476 495 2519 alia
510 2476 556 2517 in
573 2476 721 2533 lingua
736 2483 932 2536 prompta
947 2479 1114 2523 habetis
1132 2480 1217 2523 alia
1235 2481 1377 2524 clausa
1393 2481 1439 2523 in
1455 2485 1623 2538 pectore
1641 2480 1703 2536 6)Ρ

299 2588 330 2632 1)
354 2588 465 2622 Arist.
488 2587 589 2622 Poet.
612 2586 676 2621 XV
699 2586 718 2632 ἓ
742 2589 773 2622 5.
797 2588 897 2623 XXV
919 2588 938 2635 ξ
961 2592 1013 2624 17.
1039 2611 1075 2617 -ψ
1091 2589 1118 2632 2)
1142 2590 1198 2624 Ai.
1226 2593 1311 2625 1047
1334 2603 1411 2636 sqq.
1435 2590 1522 2634 —3)
1536 2591 1585 2627 id.
1602 2594 1702 2635 1079,

298 2645 329 2695 4)
356 2645 408 2682 Of.
437 2646 533 2682 Plut.
560 2644 692 2680 Cleom.
718 2648 750 2681 9.
778 2665 820 2671 -—
844 2646 874 2693 5)
898 2647 1012 2683 Andr.
1041 2650 1117 2684 725.
1139 2669 1184 2675 —
1205 2649 1234 2695 6)
1260 2650 1309 2685 id.
1331 2652 1399 2685 445
1421 2661 1500 2696 sqq.

1544 2711 1567 2747 4

955 2747 976 2754 a
