2080 3314
745 795 1064 840 CAPUT
1141 794 1199 837 II.

647 976 714 1007 DE
760 974 931 1006 LUDIS
978 972 1042 1005 ET
1092 972 1302 1003 FESTIS.

303 1311 624 1371 Antiquissimis
679 1311 766 1353 iam
816 1310 1078 1367 temporibus
1125 1308 1238 1366 apud
1284 1308 1468 1351 Graecos
1513 1307 1696 1348 multum

166 1448 169 1450 ,
247 1402 450 1445 valebant
488 1399 578 1442 ludi
616 1398 680 1441 illi
711 1402 754 1441 et
783 1397 1122 1451 exercitationes,
1154 1396 1338 1453 corporis
1369 1395 1583 1452 animique
1614 1395 1696 1437 for-

247 1489 475 1533 titudinem
507 1487 697 1541 'alentes,
747 1485 899 1542 quibus
946 1484 1098 1527 Graeci
1144 1483 1391 1540 gloriantur.
1450 1482 1697 1525 Sexcenties

247 1577 398 1634 tragici
441 1576 523 1619 hos
573 1575 693 1617 ludos
743 1578 981 1624 memorant
1021 1578 1063 1616 et
1103 1587 1262 1629 magna
1300 1572 1399 1614 inde
1435 1585 1534 1628 pars
1563 1574 1695 1613 meta-

247 1664 476 1723 phorarum
522 1662 675 1720 quibus
720 1659 900 1703 utuntur
943 1661 1078 1718 petita
1118 1665 1194 1703 est.
1226 1659 1320 1702 Iam
1350 1673 1451 1702 vero
1482 1657 1697 1701 Homerus

248 1752 303 1796 ad
341 1752 488 1795 vivum
528 1751 650 1794 nobis
680 1749 875 1807 depinxit
905 1750 1011 1792 tales
1049 1748 1170 1791 ludos
1200 1748 1375 1804 largiter
1406 1751 1448 1790 et
1478 1745 1696 1804 splendide

249 1840 382 1884 editos
397 1839 452 1884 ab
468 1838 638 1882 Achille
654 1839 700 1881 in
717 1838 904 1881 defuncti
920 1837 1128 1880 Patroclis
1145 1837 1361 1880 honorem.
1381 1836 1450 1877 Illi
1467 1835 1555 1877 ludi
1566 1834 1697 1891 igitur

248 1941 334 1970 non
369 1926 423 1970 ad
457 1927 717 1984 propositum
753 1940 896 1968 meum
923 1926 1188 1983 pertinerent
1209 1924 1291 1966 nisi
1317 1937 1566 1980 persuasum
1592 1922 1697 1964 mihi

249 2017 360 2057 esset
398 2014 580 2070 tragicos
620 2027 745 2071 saepe
785 2014 1023 2070 respexisse
1059 2012 1180 2055 ludos
1211 2011 1480 2068 Olympiacos
1511 2010 1698 2066 aliosque

249 2101 370 2144 statis
399 2101 659 2159 temporibus
690 2101 836 2156 editos,
869 2115 1047 2158 quorum
1078 2114 1224 2143 omnes
1244 2097 1275 2153 ¹)
1304 2099 1455 2141 Graeci
1472 2088 1716 2155 participes'

190 2216 195 2221 ·
248 2202 341 2232 esse
370 2192 579 2246 poterant,
611 2203 714 2245 quos
745 2202 987 2231 communes
1018 2187 1138 2230 ludos
1169 2187 1222 2230 ad
1248 2185 1491 2229 historicam
1514 2189 1697 2228 aetatem

249 2276 464 2334 pertinere
503 2291 629 2319 nemo
669 2277 856 2333 negabit.
900 2277 942 2319 N
944 2277 1138 2319 onnullos
1179 2277 1288 2318 locos
1319 2274 1469 2330 collegi
1500 2274 1572 2330 qui
1604 2287 1698 2316 sen-

249 2364 429 2407 tentiam
458 2363 672 2407 illustrare
703 2368 746 2407 et
775 2364 886 2406 tueri
916 2364 1089 2421 possint.

241 2478 245 2483 ·
307 2449 568 2508 Hippolytus
613 2455 755 2508 sperat
800 2451 888 2494 fore
936 2455 983 2493 ut
1028 2451 1074 2492 in
1120 2450 1428 2493 Graecorum
1469 2448 1697 2491 certami-

249 2537 398 2581 nibus
415 2537 449 2592 Β)
479 2538 664 2595 primum
695 2538 931 2595 praemium
962 2538 1127 2581 auferat
1163 2536 1372 2580 Hercules
1402 2535 1547 2578 furens
1578 2549 1623 2577 se
1652 2536 1698 2577 in

301 2671 327 2718 ¹)
355 2671 434 2706 Alc.
463 2673 562 2707 1026.
595 2692 630 2697 —
658 2671 684 2715 ²)
715 2671 822 2717 [lipp.
850 2673 950 2708 1016.
