2080 3314
694 770 1011 814 CAPUT
1087 770 1213 814 VIH.

662 982 721 1014 DE
751 983 1018 1014 NOTIONIBUS
1047 982 1236 1014 E'rmols.

208 1375 211 1378 ’
281 1362 563 1421 Temporibus
614 1363 788 1407 mutatis
833 1363 1114 1421 philosophia,
1162 1378 1257 1406 cum
1304 1378 1412 1421 quae
1458 1364 1676 1407 initiorum

216 1463 523 1514 causarumque
552 1451 755 1508 cuiusque
784 1451 848 1493 rei
879 1450 1108 1507 cognitioni
1133 1464 1306 1507 operam
1337 1450 1422 1506 dat,
1450 1455 1542 1493 tum
1568 1465 1676 1508 quae

216 1536 270 1581 de
314 1537 536 1581 hominum
568 1538 658 1581 vita
683 1542 731 1589 ¹et
761 1538 950 1581 moribus
981 1538 1182 1595 disputat,
1214 1538 1442 1581 immutata
1471 1543 1548 1582 est.
1582 1538 1677 1588 Qua

209 1625 256 1668 in
285 1640 332 1669 re
361 1627 525 1684 tragici,
556 1641 642 1670 non
676 1631 844 1669 tantum
882 1631 929 1669 ut
959 1626 1169 1669 delectent
1201 1627 1275 1670 sed
1305 1628 1435 1670 etiam
1466 1632 1675 1685 spectato-

209 1712 327 1756 ribus
371 1718 420 1756 ut
462 1714 627 1772 prosint
673 1714 872 1770 nitentes,
918 1714 1199 1772 posteriorum
1244 1714 1510 1773 disciplinam
1541 1716 1674 1759 secuti

209 1805 324 1844 sunt.

266 1889 526 1947 Tragoedias
572 1891 704 1948 igitur
740 1891 980 1934 lectitantes
1016 1891 1177 1934 nobilia
1207 1891 1415 1949 quaedam
1446 1891 1558 1935 dicta
1586 1892 1671 1934 iam

209 1977 310 2021 olim
340 1977 394 2021 ab
424 1978 523 2021 aliis
554 1979 832 2036 sapientibus,
864 1980 1012 2037 poetis,
1031 1979 1294 2038 philosophis
1312 1980 1425 2023 edita
1440 1980 1672 2024 identidem

207 2061 464 2121 invenimus,
510 2081 619 2124 quae
667 2072 899 2125 praecepta
928 2068 1093 2124 tragici,
1126 2082 1257 2125 quum
1288 2068 1370 2125 ipsi
1400 2068 1532 2112 divite
1562 2084 1674 2113 vena

208 2155 430 2212 pollerent,
475 2155 537 2199 ita
581 2155 905 2199 admirabantur
950 2161 998 2198 ut
1046 2157 1093 2199 in
1138 2157 1329 2200 omnium
1375 2157 1581 2200 memoria
1622 2173 1674 2201 ea

209 2256 384 2286 manere
422 2243 647 2287 voluerint.
694 2243 931 2288 Praeterea
962 2245 1095 2288 verba
1124 2246 1454 2303 sententiasque,
1486 2260 1596 2303 quae
1626 2246 1673 2288 in

122 2358 125 2361 -
209 2331 399 2374 omnium
429 2346 501 2375 ore
526 2332 624 2388 sint,
652 2333 785 2376 semel
801 2333 1045 2391 iterumque
1062 2333 1208 2377 audire
1226 2334 1488 2377 auditoribus
1506 2349 1673 2393 semper

208 2423 378 2476 gratum
411 2434 503 2464 esse
532 2424 683 2478 poetae
714 2424 984 2479 oratoresque
1015 2421 1207 2465 omnium
1234 2426 1424 2465 aetatum
1450 2422 1674 2467 intellexe-

186 2511 322 2563 runt,
364 2512 626 2565 quapropter
666 2509 851 2565 egregiis
882 2509 1004 2552 dictis
1046 2510 1226 2553 aliorum
1257 2525 1472 2554 sermones
1503 2515 1546 2555 et
1574 2526 1673 2569 poe-

207 2599 326 2638 mata
368 2610 447 2639 sua
483 2610 692 2640 exornare
723 2598 872 2640 solent.
934 2598 1106 2654 Tragici
1137 2613 1238 2642 vero
1268 2599 1368 2642 huic
1397 2600 1505 2643 mori
1534 2600 1673 2642 indul-

206 2688 356 2740 gentes
402 2699 706 2743 saepenumero
753 2686 987 2743 hominum,
1036 2687 1109 2745 qui
1141 2688 1275 2731 multo
1305 2692 1400 2745 post
1433 2687 1671 2733 Homerum
