2080 3314
1084 366 1140 409 52

395 499 549 551 guente
578 492 812 550 Aeschylus
837 492 946 536 hanc
972 493 1119 536 urbem
1146 494 1192 535 in
1214 494 1332 536 nulla
1362 493 1506 538 fabula
1531 499 1828 540 commemorat

396 583 567 637 eiusque
601 581 800 623 Oresteae
824 595 920 637 pars
937 581 1070 623 maior
1087 580 1216 636 Argis
1233 582 1406 637 geritur.
1427 582 1650 639 Sophocles
1667 597 1767 626 vero
1781 583 1828 626 in

395 669 563 711 Electra
580 668 813 709 Homerum
830 668 1038 723 sequitur,
1056 668 1322 724 paedagogus
1339 669 1451 711 enim
1468 669 1675 725 Argivam
1690 670 1826 727 plani-

394 756 507 809 tiem,
522 769 627 810 quae
646 770 670 796 a
686 754 959 810 Mycenarum
975 755 1149 796 collibus
1165 755 1290 810 longe
1302 759 1430 811 patet,
1445 755 1619 799 Orestae
1631 757 1824 812 ostendit,

395 841 466 882 sed
496 841 695 896 Mycenas
721 855 818 882 eum
835 840 1052 883 advenisse
1069 840 1187 883 docet
1205 841 1247 894 ¹).
1279 833 1483 884 Attamen
1500 857 1584 884 non
1599 847 1763 885 tantum
1779 844 1825 886 in

395 929 546 971 fabulis
577 943 602 970 a
633 928 836 970 Strabone
867 928 1059 982 laudatis,
1092 943 1215 984 quem
1246 929 1462 985 utriusque
1493 930 1608 972 urbis
1639 930 1824 973 confusio

394 1031 477 1058 non
508 1016 656 1057 fefellit
672 1009 718 1069 2),
751 1015 823 1057 sed
853 1015 897 1056 in
913 1015 1122 1071 plerisque
1138 1015 1363 1071 tragoediis
1386 1015 1637 1073 Euripideis,
1655 1018 1827 1060 nomina

394 1102 531 1158 Argos
573 1107 614 1144 et
650 1102 854 1158 Mycenae
885 1102 1059 1144 eandem
1091 1102 1238 1144 urbem
1269 1102 1518 1158 significant.
1579 1103 1827 1146 Innumera-

393 1191 498 1233 biles
528 1190 695 1246 quidem
724 1190 832 1231 locos
863 1189 916 1230 ad
946 1203 1034 1230 rem
1065 1192 1207 1231 notam
1237 1189 1530 1231 illustrandam
1561 1204 1645 1232 non
1661 1190 1823 1246 collegi,

394 1277 581 1319 sufficere
612 1280 727 1319 ratus
758 1276 791 1316 si
823 1290 878 1317 ex
907 1275 990 1316 illis
1019 1275 1285 1330 dignissimos
1315 1276 1387 1331 qui
1415 1276 1720 1332 inspicerentur
1750 1290 1822 1319 no-

394 1367 527 1405 tarem
538 1362 584 1415 3).
603 1362 791 1418 Mycenis
808 1363 893 1403 solo
911 1362 1098 1418 aequatis
1115 1362 1167 1404 ab
1184 1361 1357 1417 Argivis
1368 1361 1414 1416 4),
1430 1362 1495 1404 Ol.
1515 1362 1769 1406 LXXVIII.
1787 1365 1823 1418 1,

395 1464 622 1505 earumque
678 1463 778 1503 agro
823 1463 917 1490 cum
963 1449 1166 1490 victorum
1212 1449 1335 1490 terris
1380 1450 1611 1504 coniuncto,
1659 1465 1709 1493 ea
1753 1465 1825 1493 no-

394 1537 555 1577 minum
603 1536 787 1577 confusio
833 1539 1084 1591 spectatores
1130 1549 1213 1577 non
1258 1535 1507 1577 offendebat.
1579 1535 1824 1592 Euripidem

394 1624 531 1679 ipsum
577 1622 653 1663 has
699 1622 842 1663 ruinas
889 1625 1119 1677 spectatum
1165 1621 1292 1663 ivisse
1331 1635 1577 1677 persuasum
1618 1621 1753 1664 habeo
1782 1626 1824 1665 et

394 1713 596 1765 quantum
628 1709 757 1750 moles
787 1708 872 1749 illic
903 1711 1154 1761 exstructae,
1186 1707 1562 1749 vetustissimorum
1588 1711 1823 1764 temporum

394 1796 608 1852 reliquiae,
648 1799 814 1851 poetam
844 1794 1143 1836 commoverint
1173 1794 1510 1850 frequentissima
1540 1808 1684 1836 earum
1714 1809 1822 1837 com-

394 1882 637 1924 memoratio
678 1881 855 1935 docet)
903 1881 1001 1923 Uno
1042 1882 1130 1923 loco
1147 1881 1178 1935 6)
1215 1881 1383 1923 illarum
1413 1881 1715 1938 parietinarum
1758 1895 1822 1925 ar-

439 2072 467 2116 1)
494 2072 548 2106 Ει.
575 2074 596 2107 9
620 2071 665 2106 cf.
694 2073 769 2114 161,
795 2071 873 2104 423.

439 2136 467 2178 2)
494 2133 622 2167 Strabo
647 2132 778 2174 XVIII,
806 2134 871 2167 377
898 2130 959 2167 «fui
984 2132 1025 2167 δὲ
1046 2130 1115 2178 τήν
1138 2126 1324 2178 ἐγγύτητα
1346 2131 1412 2171 τοῖς
1436 2131 1503 2167 δύο
1527 2131 1651 2171 πόλεις
1663 2131 1710 2172 ὦς
1730 2132 1823 2181 μίαν

394 2198 427 2231 οἱ
460 2195 623 2243 τραγικοὶ
668 2194 891 2242 συνωνύμως
925 2194 1266 2244 προσαγορεύουσιν,
1300 2193 1495 2243 Εὐριπίδης
1529 2195 1571 2230 δὲ
1603 2193 1664 2229 καὶ
1698 2194 1739 2229 ἐν
1771 2193 1824 2243 τῷ

393 2253 491 2302 αὐτῷ
526 2253 687 2303 δράματι
721 2256 801 2288 τοτὲ
838 2255 909 2300 μὲν
944 2251 1118 2298 Μυκήνας
1152 2251 1273 2288 καλῶν
1295 2251 1378 2287 τοτὲ
1402 2251 1436 2286 δ’
1463 2252 1588 2301 ’Ἄργος
1611 2250 1681 2298 τήν
1705 2250 1821 2298 αὗτῆν

391 2311 509 2355 πόλιν,
533 2311 703 2360 καθάπερ
726 2311 767 2345 ἐν
790 2310 992 2357 Ἰφιγενείᾳ
1015 2310 1075 2345 καὶ
1098 2309 1249 2359 Ὀρέστῃ.

439 2370 466 2406 3)
492 2364 550 2405 Or,
575 2366 619 2399 98
645 2363 690 2398 of.
719 2365 794 2408 101,
823 2365 910 2397 1246
935 2363 980 2397 of.
1008 2365 1117 2406 1247,
1142 2363 1191 2397 id.
1220 2364 1307 2397 1464
1333 2362 1377 2397 cf.
1405 2364 1504 2397 1470.
1538 2362 1680 2397 Heracl.
1705 2363 1750 2397 85
1774 2360 1822 2397 Of.

392 2425 455 2460 98:
481 2422 530 2457 id.
558 2424 621 2456 134
645 2423 690 2456 cf.
719 2423 800 2466 1363
827 2421 875 2455 id.
901 2422 968 2455 298
993 2421 1039 2455 cf.
1065 2422 1143 2455 299.
1168 2420 1303 2455 Phoen.
1328 2421 1395 2455 608
1420 2419 1466 2455 cf.
1491 2422 1568 2455 613.

438 2480 467 2526 4)
495 2479 600 2514 Diod.
626 2479 694 2514 Sic.
720 2479 782 2522 XI,
809 2481 853 2514 65
878 2480 922 2512 cf.
948 2478 1158 2524 Paus-,VIL
1184 2480 1238 2512 25.
1264 2480 1296 2513 6.
1342 2488 1344 2491 ’

438 2541 468 2580 5)
496 2537 580 2571 Eur.
618 2536 675 2571 Ει.
714 2538 813 2579 1158,
851 2536 877 2570 Ι.
917 2536 960 2570 Α.
1000 2538 1075 2577 151,
1112 2537 1189 2577 534,
1228 2533 1820 2580 1501,Troad.1088‚I.T.845

393 2596 439 2631 cf.
464 2595 559 2640 Cycl.
584 2596 662 2629 239.
688 2595 793 2629 Herc.
819 2594 905 2630 Fur.
931 2595 1008 2629 998.

439 2653 466 2700 6)
493 2652 596 2691 Herc.
622 2652 706 2689 Fur.
731 2654 810 2690 944.
