2080 3314
979 321 1025 362 11

282 452 324 492 et
363 452 586 505 postquam
636 447 784 490 hostiis
813 446 1058 504 perlitatum
1104 447 1131 501 ¹)
1163 452 1226 490 est
1256 462 1356 505 pae
1369 462 1434 490 an
1464 448 1727 503 canentibus,

281 535 392 592 quod
422 534 632 578 Graecum
661 535 903 578 institutum
925 534 959 590 ²)
991 539 1067 591 est,
1099 535 1194 578 tub
1208 550 1234 578 a
1263 536 1432 592 signum
1463 535 1588 578 datur
1607 535 1641 590 ³)

338 622 459 665 Nihil
514 622 665 665 horum
720 622 832 680 apud
887 622 1125 666 Homerum
1181 623 1423 666 invenimus
1465 627 1507 666 et
1536 623 1647 680 quod
1677 624 1730 667 ad

279 709 427 752 tubam
454 709 502 764 ⁴),
535 724 660 767 saepe
691 710 999 767 Tyrrhenicam
1019 709 1054 764 ⁶)
1085 710 1253 766 dictam,
1286 710 1439 753 attinet
1467 711 1554 753 iam
1580 710 1729 754 scholi-

279 800 396 840 astae
416 796 451 851 ὃ)
496 797 609 839 hunc
653 797 1023 840 anachronismum
1069 802 1337 852 notaverunt,
1383 811 1562 855 quorum
1598 798 1730 842 verba

279 884 410 927 citare
439 898 592 942 operae
621 885 805 942 pretium
837 889 923 928 est:
955 884 1064 939 μετά
1091 884 1145 927 τοὶ
1174 884 1345 941 Τρωικά
1373 884 1446 926 καὶ
1486 884 1566 942 τήν
1582 883 1640 932 εἷς
1648 890 1728 942 γῆν

275 970 491 1036 Ῥωμαίαν
522 970 684 1014 Αἰνείου
713 950 956 1029 αατοίκησιν
985 968 1193 1029 Τυῤῥηνοὶ
1222 971 1301 1029 τήν
1318 971 1531 1027 σάλπιγγα
1547 972 1729 1029 ἐφεῦρον

278 1059 326 1102 ἕν
371 1062 457 1109 τοῖς
498 1059 716 1109 Ἰταλικοῖς
760 1060 966 1115 πολέμοις
1013 1058 1122 1104 ὅθεν
1152 1061 1224 1103 καὶ
1254 1060 1456 1119 Τυῤῥηνὶς
1485 1060 1514 1118 ἦ
1545 1059 1730 1117 σάλπιγξ

220 1159 223 1160 ’
278 1150 458 1209 ἐκλήθη.
504 1151 572 1196 De
602 1167 687 1210 qua
717 1167 762 1196 re
793 1153 901 1195 alter
930 1153 1050 1195 testis
1082 1157 1146 1196 est
1176 1153 1323 1196 eodem
1354 1153 1444 1196 loco
1474 1150 1516 1194 οἷ
1527 1149 1730 1210 Ἕλληνες

276 1237 350 1280 ἐπὶ
378 1238 454 1281 τοῦ
482 1242 677 1295 Τρωικοῦ
706 1238 896 1293 πολέμου
927 1238 1004 1282 οὐκ
1030 1239 1214 1296 ἐχρῶντο
1243 1241 1392 1298 ταύτῃ.
1411 1236 1598 1297 Ὅμηρος
1625 1244 1728 1294 γοῦν

276 1323 403 1374 αὐτὸς
431 1330 515 1381 μὲν
544 1320 631 1369 offas
659 1326 738 1384 τήν
768 1326 983 1382 σάλπιγγα
1013 1328 1086 1383 (sc.
1118 1331 1156 1370 Σ
1181 1329 1299 1384 219),
1332 1327 1384 1370 ov'
1411 1329 1526 1371 ποιεῖ
1548 1328 1597 1370 δὲ
1621 1343 1726 1385 χρω-

277 1418 430 1468 μένους
483 1413 678 1470 σάλπιγγι
721 1415 819 1468 τούς
863 1412 1014 1473 ἥρωας.
1077 1422 1302 1474 πρῶτος
1332 1417 1391 1459 δὲ
1420 1415 1728 1474 Ἀρχώνδας

278 1481 602 1557 συμμαχῶν
631 1505 750 1551 τοῖς
777 1503 1179 1562 (Ηρακλείδαις
1207 1503 1423 1562 ἤγαγεν
1453 1501 1727 1561 εἷςαΕλλη-

277 1603 381 1637 νας
407 1589 510 1648 τήν
539 1591 897 1649 Τυρσηνικήν
929 1590 1231 1647 σάλπιγγα.

336 1679 389 1722 In
433 1680 525 1737 ipso
570 1681 729 1737 proelio
775 1695 861 1724 non
905 1681 1181 1739 imperatores
1227 1682 1301 1725 sed
1345 1682 1502 1725 milites
1546 1682 1725 1725 maximi

277 1773 483 1816 momenti
527 1777 639 1828 sunt,
688 1773 723 1815 si
753 1773 1002 1830 Euripidem
1033 1773 1241 1829 audimus,
1285 1775 1356 1831 qui
1386 1774 1553 1817 disertis
1583 1772 1725 1816 verbis

278 1859 453 1904 Graecis
491 1860 746 1918 persuadere
786 1865 962 1904 conatur
1001 1876 1055 1904 ne
1096 1862 1272 1904 nimiam
1308 1862 1509 1905 victoriae
1545 1861 1724 1917 gloriam

277 1948 454 1992 ducibus
508 1949 607 1992 solis
662 1949 853 1992 tribuant
898 1950 1149 2007 posthabitis
1194 1950 1400 1992 militibus
1445 1950 1652 2006 gregariis
1676 1948 1720 2004 ⁷),

277 2050 387 2094 quae
427 2036 639 2080 sententia
674 2051 826 2080 revera
855 2051 1006 2094 parum
1037 2052 1132 2080 cum
1162 2037 1331 2081 heroica
1361 2041 1499 2080 aetate
1529 2036 1721 2094 quadrat,

276 2138 407 2182 quum
451 2123 578 2166 unius
623 2138 749 2182 saepe
795 2125 876 2166 viri
921 2124 1050 2168 robur
1079 2125 1299 2168 victoriam
1330 2126 1575 2168 decerneret
1606 2129 1648 2168 et
1676 2126 1722 2168 in

275 2211 538 2269 singulorum
569 2212 870 2255 certaminibus
900 2213 1089 2255 omnium
1121 2214 1235 2256 salus
1265 2217 1375 2256 esset
1404 2214 1552 2270 posita.

293 2374 302 2379 ῃ
321 2396 350 2441 ²)
373 2398 423 2438 τοὶ
445 2398 591 2449 σφάγια
612 2399 709 2438 καλοῖ
733 2395 832 2442 Sept.
862 2398 941 2433 379.
966 2417 1012 2424 —
1037 2398 1064 2444 ²)
1094 2397 1194 2444 Sept.
1219 2400 1289 2435 286
1313 2409 1393 2445 sqq.

321 2465 350 2510 8)
363 2465 507 2502 Heracl.
520 2467 606 2502 830:
631 2469 805 2519 ἐσήμηνε,

320 2535 347 2580 ⁴)
359 2535 495 2572 Phoen.
512 2537 612 2580 1102,
625 2535 756 2572 Troad.
770 2538 850 2582 267,
865 2536 975 2573 Rhes.
988 2538 1045 2579 44,
1059 2537 1157 2583 Sept.
1182 2539 1260 2574 394.

319 2593 346 2638 ὅ)
369 2594 476 2630 Eum.
501 2595 582 2639 567,
606 2594 845 2635 Ai.17.Med,
870 2597 1088 2642 1342,1359‚
1113 2594 1224 2632 Rhes2
1249 2598 1328 2639 988,
1354 2597 1499 2633 Heraol.
1523 2588 1602 2633 832.

323 2651 352 2700 ⁸)
378 2652 495 2689 Schol.
522 2652 581 2688 ad.
606 2653 740 2689 Phoen.
769 2655 869 2690 1377.
894 2673 941 2681 —
970 2654 994 2698 ²)
1017 2654 1135 2691 Andr.
1161 2657 1242 2692 696.
