2080 3314
958 345 1011 388 '15

318 474 547 534 Euripides
565 473 598 527 ¹)
643 473 906 531 Argivorum
947 473 1150 530 populum
1190 470 1411 529 (ἔκκλητον
1445 468 1574 524 ὄχλον
1589 467 1627 527 ’)
1657 469 1710 513 de

260 563 626 622 Clytaemnestrae
666 561 982 619 percussoribus
1025 561 1125 604 facit
1163 560 1434 603 iudicantem.
1477 558 1571 608 Quo
1621 559 1711 602 loco

261 651 436 695 nuntius
466 650 639 708 quidam
668 654 758 693 tam
780 649 935 692 vividis
951 649 1160 692 coloribus
1187 648 1397 705 simulque
1413 651 1501 690 tam
1518 649 1712 689 accurate

261 754 310 784 ac
348 739 577 796 diligenter
611 737 936 795 disceptationes
967 737 1153 780 forenses
1184 735 1377 793 depingit
1405 738 1454 776 ut
1483 734 1530 776 in
1559 732 1712 776 mediis

261 826 592 870 Atheniensium
650 825 830 869 comitiis
886 824 1048 868 versari
1093 823 1304 867 nobismet
1348 823 1431 880 ipsi
1476 821 1711 885 videamur.

260 914 423 958 Praeco
449 913 631 957 formula
646 913 804 956 usitata
820 910 856 967 ⁸)
872 916 995 969 rogat
1010 911 1105 969 quis
1121 910 1287 954 dicendi
1302 913 1420 968 petat
1435 912 1687 967 potestatem
1700 924 1711 964 3

261 1005 442 1060 surgunt
497 1005 706 1045 oratores:
762 1000 925 1058 primus
984 998 1255 1056 Talthybius,
1317 997 1555 1055 potentium
1615 996 1714 1039 vilis

262 1090 469 1145 adulator,
501 1093 596 1147 post
626 1088 740 1131 hunc
770 1087 1011 1143 Diomedes,
1043 1101 1123 1130 rex
1160 1086 1296 1128 iustus
1328 1089 1370 1128 et
1386 1086 1586 1140 clemens,
1620 1088 1713 1127 tum

261 1179 328 1222 vir
361 1177 535 1236 quidam
566 1202 621 1208 —
653 1177 773 1220 cuius
790 1190 960 1219 nomen
990 1176 1170 1218 reticens
1200 1174 1376 1217 nuntius
1406 1175 1553 1232 procul
1586 1173 1715 1216 dubio

261 1266 478 1310 hominem
507 1265 560 1309 de
588 1265 715 1323 plebe
747 1264 957 1321 significat
988 1289 1042 1294 —
1073 1264 1140 1306 vir
1168 1263 1332 1321 procaci
1362 1263 1523 1319 lingua,
1556 1262 1712 1317 audax,

262 1353 410 1398 fraude
451 1357 494 1396 et
523 1353 686 1396 artibus
715 1353 932 1396 civitatem
963 1352 1155 1409 adeptus,
1187 1351 1392 1394 facundus
1422 1351 1612 1394 oratione
1642 1349 1716 1392 sed

262 1442 376 1486 male
420 1441 634 1494 animatus
654 1439 709 1496 4);
755 1439 929 1483 tandem
975 1439 1111 1496 surgit
1156 1439 1282 1482 homo
1323 1439 1459 1482 forma
1504 1453 1589 1481 non
1620 1452 1716 1481 con-

262 1529 430 1587 spicuus
470 1528 544 1571 sed
583 1528 716 1583 fortis,
757 1528 876 1571 urbis
916 1527 1079 1584 forique
1119 1541 1241 1569 rarus
1271 1526 1575 1583 frequentator,
1607 1527 1715 1570 colo-

262 1631 344 1660 nus
383 1630 494 1659 unus
535 1630 591 1659 ex
630 1616 695 1671 iis,
738 1630 815 1673 per
854 1630 958 1672 quos
998 1615 1146 1658 civitas
1188 1615 1308 1658 salva
1348 1619 1424 1669 est,
1462 1614 1644 1657 disertus
1674 1619 1718 1657 et

262 1705 442 1762 integer,
459 1705 546 1762 qui,
565 1704 814 1747 domesticas
831 1703 1011 1746 virtutes
1028 1707 1070 1746 et
1086 1703 1272 1759 coniugii
1289 1702 1557 1745 sanctitatem
1573 1701 1717 1744 defen-

236 1779 381 1848 dens,
418 1806 504 1835 non
534 1796 702 1834 tantum
743 1791 1049 1834 absolvendum
1090 1805 1181 1834 esse
1223 1790 1419 1833 Orestem
1460 1793 1604 1833 censet
1644 1790 1717 1833 sed

264 1880 394 1923 etiam
433 1879 732 1922 coronandum.
777 1878 981 1922 Omnium
1021 1882 1257 1936 postremus
1298 1878 1438 1935 prodit
1476 1891 1574 1920 reus
1612 1877 1717 1934 ipse,

264 1970 313 2010 ut
351 1980 503 2010 revera
543 1967 590 2009 in
629 1966 794 2009 iudiciis
835 1966 927 2009 fieri
959 1966 1134 2021 solebat,
1167 1980 1422 2022 causamque
1454 1979 1573 2007 suam
1604 1964 1717 2007 dicit.

265 2054 455 2112 Populus
491 2068 593 2097 vero
623 2054 807 2097 factiosis
838 2058 881 2097 et
911 2054 1145 2097 ambitiosis
1177 2054 1413 2097 oratoribus
1443 2067 1567 2096 aures
1598 2067 1719 2110 prae-

222 2121 225 2124 ’
263 2142 370 2186 bens
397 2141 499 2185 boni
526 2141 642 2184 iuius
672 2141 776 2184 civis
806 2141 982 2184 consilia
1011 2141 1206 2198 negligit.

323 2228 520 2279 Quantae
566 2228 828 2271 auctoritatis
874 2228 1047 2285 pessimi
1092 2228 1163 2270 isti
1204 2231 1392 2271 oratores
1422 2232 1466 2270 et
1495 2227 1721 2284 demagogi

318 2419 341 2464 ¹)
366 2419 427 2455 Or.
453 2420 521 2456 646
547 2431 625 2465 sqq.
650 2439 695 2444 —
722 2418 750 2462 ²)
776 2418 828 2454 id.
854 2420 923 2455 612
947 2418 995 2454 cf.
1020 2420 1100 2455 949.

312 2478 341 2522 3)
367 2477 420 2514 Cf·
445 2477 549 2514 Dem·
575 2477 654 2513 Cor·
680 2479 726 2513 70
750 2482 804 2523 τίς
827 2481 1028 2533 α’γορεύειν
1051 2482 1232 2530 βούλεται.

312 2536 341 2582 ⁴)
370 2535 437 2572 His
461 2535 584 2572 verbis
608 2535 792 2572 adductus
816 2538 963 2582 poetam
988 2535 1183 2583 demagogi
1208 2533 1445 2581 Cleophontis
1470 2535 1631 2582 effigiem
1656 2546 1722 2571 ex-

266 2595 439 2642 pressisse
478 2594 720 2630 Philochorus
759 2594 880 2631 nescio
920 2606 994 2640 quo
1030 2595 1109 2631 loco
1148 2594 1355 2640 suspicatus
1385 2596 1453 2630 est.
1478 2593 1573 2631 Vide
1590 2593 1719 2647 fichol.

267 2653 316 2690 ad
340 2654 402 2689 Or.
427 2654 498 2690 760
520 2654 558 2689 et
582 2654 662 2689 891.
