2080 3314
1069 356 1119 397 16

377 482 632 524 Isthmiis
658 480 691 535 ¹)
733 482 931 524 victorem
973 482 1259 524 renuntiatum
1300 497 1390 525 esse
1429 482 1572 525 credit.
1615 482 1807 527 Orestem

376 569 528 611 misere
543 568 716 625 periisse
732 568 864 610 ludis
895 567 1095 625 Pythiis
1113 567 1147 623 2)
1164 569 1292 611 falsus
1307 570 1480 612 nuntius
1496 570 1629 626 fingit.
1646 570 1809 620 Musica

377 654 545 710 quidem
584 654 762 710 Delphis
801 654 1030 697 certamina
1069 654 1122 697 ad
1161 655 1439 699 remotissima
1482 659 1672 712 tempora
1714 669 1809 713 per-

376 741 511 782 tinere
541 740 737 782 videntur
766 740 839 782 sed
869 740 956 782 ludi
986 744 1199 797 equestres
1229 741 1399 784 demum
1429 742 1528 785 facti
1546 746 1645 785 sunt
1663 741 1809 799 Olym-

377 826 512 883 piadis
552 826 738 880 XLVII,
771 841 881 869 anno
912 827 1105 881 secundo,
1136 831 1229 884 post
1257 827 1488 872 debellatos
1518 828 1743 873 Cirrhaeos
1761 827 1807 884 3).

378 913 471 955 Hoc
514 913 559 954 in
603 914 844 970 ceteroquin
889 914 1224 970 splendidissima
1253 916 1493 958 certaminis
1533 916 1810 974 descriptione

378 999 498 1041 facile
528 1014 727 1055 agnoscas
757 1004 923 1056 poetam
953 999 1273 1055 Atheniensem,
1305 1002 1376 1058 qui
1406 1002 1567 1045 civibus
1596 1003 1682 1045 suis
1697 1001 1811 1045 haud

377 1085 543 1140 ingrate
598 1086 788 1141 aurigam
850 1085 1171 1142 Atheniensem,
1221 1087 1471 1144 prudentem
1523 1093 1565 1131 et
1614 1089 1810 1145 peritum,

379 1172 476 1214 facit
506 1172 705 1214 victorem
726 1171 771 1226 4).
804 1172 900 1215 Duo
930 1173 1100 1228 Libyes,
1134 1173 1310 1215 Barcaei
1330 1173 1363 1227 ⁵)
1392 1175 1631 1217 certaminis
1648 1189 1811 1232 quoque

378 1258 601 1314 participes
632 1263 741 1313 sunt,
774 1273 1027 1315 quamquam
1064 1258 1344 1315 Cyrenaica
1373 1260 1543 1315 Barce,
1561 1261 1679 1303 cuius
1695 1261 1811 1304 urbis

382 1348 424 1385 et
463 1345 646 1400 regionis
685 1345 845 1387 incolae
875 1359 1019 1387 currus
1049 1345 1222 1401 regendi
1253 1350 1294 1388 et
1325 1347 1539 1402 equitandi
1567 1347 1809 1404 peritissimi

379 1429 562 1485 fuerunt,
603 1431 747 1472 multis
787 1431 909 1473 annis
953 1435 1058 1487 post,
1089 1435 1195 1474 teste
1226 1431 1439 1475 Herodoto
1459 1432 1506 1487 ὃ),
1538 1433 1704 1475 condita
1733 1437 1807 1476 est.

439 1516 698 1574 Olympiae
715 1517 898 1574 spatium
914 1517 1072 1573 aurigis
1089 1532 1213 1560 cursu
1229 1519 1529 1561 conficiendum
1546 1520 1728 1563 stadium
1744 1522 1813 1564 vel

380 1617 455 1645 sex
484 1603 650 1659 plethra
680 1604 900 1660 aequabat,
932 1604 1043 1646 unde
1060 1605 1312 1647 curriculum
1340 1605 1522 1648 cuiusvis
1538 1607 1811 1662 longitudinis

381 1688 556 1730 στάδιον
576 1689 607 1743 ⁷)
648 1691 885 1746 appellatur
926 1694 966 1732 et
1009 1695 1220 1733 certamen
1259 1689 1494 1747 ἕκπλεθρος
1532 1690 1647 1745 α’γαίν
1667 1692 1700 1746 ⁹)
1730 1693 1810 1736 dici

382 1779 568 1831 poterat.v
589 1775 730 1824 Quum
760 1775 813 1818 ad
841 1781 997 1818 metam
1026 1777 1316 1832 pervenissent
1344 1791 1530 1820 cursores
1555 1779 1624 1821 vel
1639 1779 1811 1834 aurigae

383 1861 597 1903 flectentes
642 1875 807 1903 rursum
853 1876 1067 1905 recurrere
1111 1862 1323 1905 debebant
1367 1864 1420 1906 ad
1460 1879 1658 1919 carceres,
1700 1865 1812 1908 unde

384 1961 550 1988 cursum
589 1948 784 2002 inierant,
827 1962 952 2004 quam
984 1949 1035 1991 ob
1066 1963 1157 1991 rem
1187 1948 1354 1996 δίαυλος
1383 1949 1452 1993 hic
1480 1950 1640 2007 duplex
1668 1966 1812 1994 cursus

385 2034 687 2090 appellabatur.
720 2034 845 2076 Hanc
874 2038 1016 2077 tamen
1046 2035 1387 2077 consuetudinem
1409 2050 1494 2078 non
1509 2040 1608 2079 ante
1626 2035 1692 2079 Ol.
1709 2037 1811 2092 XV,

358 2095 362 2099 Ι
381 2120 427 2161 in
456 2133 579 2161 usum
595 2120 761 2162 venisse
777 2120 1010 2163 Pausanias
1025 2120 1057 2172 9)
1074 2121 1194 2163 nobis
1210 2125 1353 2164 auctor
1368 2125 1453 2177 est;
1471 2136 1578 2179 quae
1588 2137 1655 2165 res
1670 2126 1813 2171 tamen

382 2206 551 2261 tragicis
580 2206 879 2263 impedimento
909 2221 994 2249 non
1024 2211 1087 2249 est
1101 2208 1323 2263 quominus
1339 2208 1427 2250 sive
1437 2209 1605 2265 proprio
1621 2223 1747 2252 sensu
1762 2209 1812 2264 3⁰)
1858 2219 1864 2224 ·

384 2293 473 2335 sive
503 2292 855 2350 metaphorico11)
886 2293 1011 2336 huius
1040 2295 1101 2336 rei
1130 2295 1386 2338 mentionem
1417 2295 1584 2338 faciant.

433 2402 459 2445 ¹)
484 2402 587 2438 Herc.
613 2402 699 2437 Fur.
724 2404 792 2437 958
816 2413 893 2448 sqq.
922 2422 961 2428 —
989 2402 1013 2444 ²)
1038 2402 1146 2447 Soph.
1171 2403 1227 2437 El.
1254 2404 1331 2438 680.
1356 2422 1399 2430 —
1424 2403 1450 2446 3)
1474 2403 1579 2438 Paus.
1604 2403 1647 2438 X.
1672 2405 1703 2438 7.
1729 2404 1761 2438 4.

433 2461 461 2506 ⁴)
486 2460 542 2495 ΕΙ.
557 2462 621 2495 731
634 2471 711 2506 sqq.
722 2481 765 2487 —
780 2460 807 2503 ἃ)
826 2460 879 2494 ΕΙ.
893 2462 973 2504 702,
988 2462 1066 2495 727.
1087 2480 1125 2486 -
1140 2460 1254 2502 ⁶)Her.
1267 2461 1326 2502 IV,
1342 2463 1418 2496 160.
1429 2480 1476 2487 —
1489 2461 1514 2505 ⁷)
1524 2461 1630 2496 Herc.
1639 2461 1724 2496 Fur.
1734 2462 1813 2496 883.

432 2518 460 2563 ⁸)
485 2519 574 2553 Eur.
598 2518 655 2553 El.
679 2520 758 2562 883,
783 2518 869 2553 Med
906 2520 1006 2554 1181.
1033 2538 1074 2544 —-
1099 2518 1124 2560 ⁹)
1151 2519 1256 2554 Paus.
1281 2519 1324 2560 V,
1348 2521 1380 2554 8.
1405 2521 1437 2554 3.

437 2576 477 2621 ¹⁰)
509 2576 596 2610 Eur.
626 2577 682 2610 ΕΙ.
708 2578 786 2616 825,
818 2576 926 2621 Soph.
953 2577 1009 2611 ΕΙ.
1035 2578 1113 2613 681.
1143 2598 1178 2602 -ψ
1205 2577 1250 2623 11)
1276 2578 1342 2623 Ag.
1368 2579 1446 2622 444,
1472 2577 1578 2612 Herc.
1601 2577 1686 2612 Fur.
1715 2578 1813 2622 1102,

389 2634 473 2669 Hec.
500 2636 555 2677 29,
580 2634 666 2669 Eur.
691 2634 821 2680 fragm.
847 2636 923 2670 435.
