2080 3314
929 357 983 397 95

226 484 504 540 elaboratum,
539 487 629 527 tam
670 482 724 527 ad
763 482 946 539 digitum
975 483 1147 538 factum,
1186 483 1484 541 conscriptum,
1503 482 1686 538 doctum,

227 576 369 616 actum
399 586 491 616 esse
520 573 636 616 intra
664 571 792 614 unius
823 571 926 615 anni
957 571 1156 628 spatium,
1175 571 1287 628 quod
1303 575 1450 614 tamen
1467 571 1688 615 credamus

226 673 397 704 necesse
436 663 514 716 est,
549 660 591 702 si
630 658 850 716 tragoedia
890 663 985 702 acta
1026 662 1090 702 est
1127 663 1222 716 post
1263 658 1459 702 morbum
1490 663 1686 703 exortum

160 810 163 812 v
226 750 270 791 et
299 750 400 792 ante
429 746 608 791 Periclis
638 751 833 791 mortem.
886 746 990 790 Post
1031 746 1210 790 Periclis
1241 746 1405 801 obitum
1447 761 1534 790 non
1565 747 1688 790 facile

226 834 476 879 memoriam
522 835 620 879 talis
666 835 748 878 viri
788 839 914 893 poeta
954 834 1084 878 comis
1125 839 1168 878 et
1208 834 1422 878 humanus
1468 835 1689 893 splendida

226 921 437 968 foedasset
486 923 729 981 tragoedia,
778 937 885 980 quae
927 923 989 966 ita
1032 923 1174 980 potius
1221 938 1392 967 carmen
1437 923 1687 981 probrosum

227 1009 388 1054 fuisset.
421 1010 656 1055 Schoellius
687 1025 811 1068 porro
841 1025 994 1068 parum
1012 1011 1093 1053 sibi
1111 1015 1304 1055 constare
1321 1011 1503 1055 videtur.
1523 1010 1685 1055 Cavea-

226 1110 323 1141 mus
352 1112 407 1142 ne
437 1098 483 1140 in
513 1097 807 1155 labyrinthum
837 1097 934 1141 duci
964 1098 1202 1155 patiamur!
1236 1097 1449 1156 Oedipum
1467 1099 1581 1142 enim
1597 1098 1687 1141 irae

225 1185 534 1243 indulgentem,
566 1185 621 1228 ad
646 1185 904 1242 suspiciones
919 1185 1163 1242 proclivem,
1182 1199 1328 1228 veram
1355 1184 1687 1229 Atheniensium

227 1273 430 1317 vitiorum
469 1272 703 1330 imaginem
745 1259 925 1316 reddere
963 1272 1134 1315 iudicat.
1177 1272 1294 1316 Num
1327 1273 1475 1317 eadem
1506 1289 1688 1332 persona

227 1364 271 1405 et
315 1361 377 1405 rei
417 1351 596 1405 insontis
638 1364 681 1404 et
726 1360 874 1403 iniusti
920 1361 1172 1405 accusatoris
1216 1365 1362 1419 partes
1396 1363 1533 1419 egisse
1565 1363 1686 1406 nobis

228 1448 440 1494 credenda
469 1449 565 1501 est?

286 1623 386 1669 Non
429 1629 599 1668 tantum
645 1639 754 1683 quae
800 1625 854 1668 ad
899 1626 1090 1683 singulas
1129 1641 1198 1669 res
1239 1631 1381 1683 gestas
1412 1627 1686 1686 singulasque

227 1725 430 1769 personas
469 1712 700 1770 pertinent,
743 1713 816 1756 sed
842 1714 971 1756 totius
1011 1714 1209 1771 politicae
1239 1715 1416 1759 rationis
1446 1716 1685 1761 Athenien-

228 1799 341 1843 sium
381 1801 615 1858 imaginem
645 1801 691 1843 in
721 1802 917 1859 plurimis
948 1802 1175 1858 tragoediis
1206 1805 1455 1861 reperimus.
1487 1805 1687 1850 Athenae

229 1901 396 1946 semper
427 1889 593 1946 asylum
624 1889 798 1933 fuerunt
827 1890 993 1933 miseris
1024 1895 1066 1934 et
1095 1891 1280 1935 infirmis
1312 1897 1354 1936 et
1385 1909 1551 1953 semper
1582 1895 1688 1947 haec

229 1974 380 2020 civitas
419 1991 498 2034 ope
538 1977 761 2021 destitutos
790 1978 837 2020 in
867 1993 994 2022 causa
1023 1979 1136 2023 iusta
1166 1980 1314 2024 iuvare
1344 1987 1496 2039 parata
1525 1984 1606 2027 fuit
1643 1986 1687 2042 ¹),

230 2076 359 2120 quam
383 2064 653 2108 clementiam
684 2080 831 2109 eorum
863 2066 1094 2110 adversarii
1125 2069 1360 2125 audaciam,
1392 2086 1488 2114 cum
1518 2074 1689 2130 publica

232 2150 460 2208 prudentia
497 2167 650 2210 parum
693 2159 998 2212 congruentem
1020 2155 1067 2212 ²),
1109 2157 1190 2215 ipsi
1231 2157 1519 2204 Athenienses
1559 2176 1688 2219 gene-

230 2251 371 2282 rosam
418 2244 461 2283 et
506 2241 588 2284 sibi
633 2242 783 2285 utilem
829 2243 1032 2287 virtutem
1078 2259 1170 2289 esse
1200 2246 1442 2291 credebant.
1474 2249 1688 2294 Adversa-

232 2325 394 2370 riorum
425 2328 680 2372 sententiam
711 2330 921 2387 respicere
951 2331 1120 2375 videtur
1149 2347 1301 2390 praeco
1327 2335 1559 2380 Thebanus
1575 2339 1689 2396 apud

233 2399 483 2471 Euripidem
513 2415 727 2460 Theseum
774 2418 827 2460 de
867 2419 1105 2476 supplicum
1141 2425 1304 2478 septem
1335 2423 1518 2468 filiorum
1548 2428 1688 2484 sepul-

234 2505 333 2546 tura
362 2503 592 2560 obiurgans
622 2505 738 2549 hisce
770 2507 912 2550 verbis
947 2507 1111 2562 „Multa
1140 2510 1302 2554 curiose
1333 2526 1461 2569 agere
1483 2515 1626 2558 soletis
1643 2519 1691 2558 tu

284 2617 313 2665 ¹)
338 2618 426 2654 Eur.
452 2590 580 2666 suppl.
606 2621 685 2658 329.

278 2682 306 2732 ²)
336 2682 388 2718 cf.
422 2683 537 2719 Isocr.
569 2685 722 2732 Paneg.;
756 2686 887 2723 suidas
913 2689 936 2724 i.
964 2701 995 2725 v.
1021 2687 1236 2737 Ἀθηναίων
1269 2692 1471 2741 δυσβουλία.
