2080 3314
1112 382 1168 430 62

420 522 500 564 quo
530 506 834 564 Anaxagoram
856 506 1049 551 Athenas
1067 509 1220 553 adiisse
1237 514 1400 555 veteres
1416 511 1600 567 tradunt,
1618 511 1854 572 Aeschylus

419 595 581 637 obierit.
628 594 784 649 Pauca,
816 609 924 651 quae
953 595 1102 651 tragici
1132 596 1183 638 de
1213 595 1522 654 Aegyptiorum
1553 600 1740 642 moribus
1770 604 1854 646 tra-

419 681 535 735 dunt,
569 685 805 737 congruunt
851 696 945 724 cum
991 682 1218 726 Herodoto.
1279 683 1392 726 Dum
1439 685 1520 727 viri
1564 686 1678 727 intus
1708 686 1855 731 sedent

419 770 546 810 telam
583 772 788 822 texentes,
820 783 973 811 uxores
1002 769 1048 810 in
1077 770 1291 825 publicum
1321 771 1527 826 prodeunt
1556 777 1853 828 procuraturae

419 870 526 911 quae
567 855 620 897 ad
659 855 815 896 victum
856 855 1095 911 pertineant
1113 856 1157 909 ¹).
1205 856 1297 898 Mos
1328 871 1383 899 ex
1413 857 1568 900 hordeo
1598 863 1758 902 coctum
1789 860 1851 902 vi-

418 956 519 984 num
560 942 730 983 bibendi
761 944 848 983 tam
879 941 990 998 apud
1020 941 1279 998 Aeschylum
1301 943 1333 996 2)
1365 957 1492 999 quam
1522 944 1633 1000 apud
1662 945 1851 988 Herodo-

417 1031 506 1069 tum
522 1027 555 1081 3)
586 1032 946 1070 commemoratur.

474 1113 506 1155 C
522 1113 757 1170 arthago
803 1114 969 1156 condita
1013 1115 1261 1171 plerumque
1307 1116 1488 1158 creditur
1533 1117 1670 1160 medio
1712 1118 1851 1164 seculo

417 1214 539 1242 nono.
572 1200 878 1256 Triptolemum
909 1205 1052 1243 tamen
1082 1200 1387 1258 Carthaginem
1417 1204 1734 1259 pervenientem
1751 1205 1851 1248 facit

416 1286 642 1342 Sophocles
658 1286 716 1342 4),
762 1287 911 1328 urbem
957 1291 1098 1329 autem
1144 1302 1170 1330 a
1199 1288 1430 1331 Phoenicia
1459 1289 1665 1345 originem
1695 1290 1849 1334 ducere

414 1377 455 1419 et
486 1365 654 1415 Siciliae
684 1374 899 1429 regionem
930 1374 969 1416 ei
1010 1389 1099 1417 esse
1130 1376 1362 1431 oppositam
1393 1376 1478 1418 iam
1509 1377 1694 1420 Troades
1724 1377 1848 1420 Euri-

412 1460 559 1516 pideae
590 1464 795 1502 noverant
810 1458 856 1514 ⁵²).
889 1460 1114 1503 Rationem
1145 1475 1244 1503 vero
1273 1477 1355 1518 qua
1377 1461 1747 1519 Carthaginienses
1764 1464 1849 1507 vic-

412 1547 536 1588 timas
582 1547 842 1610 sepeliebant
888 1551 961 1589 aut
1005 1548 1142 1603 potius
1183 1549 1496 1604 comburebant,
1539 1549 1762 1607 Euripides
1794 1551 1848 1594 ad

411 1633 584 1687 Tauros,
627 1633 812 1690 hospites
857 1634 1093 1676 immolatos
1139 1635 1184 1675 in
1215 1635 1378 1677 foveam
1408 1636 1507 1691 igne
1524 1637 1742 1693 >repletam
1772 1637 1842 1680 de-

409 1720 595 1774 icientes,
638 1720 865 1762 transferre
902 1721 1068 1763 videtur
1085 1721 1130 1775 G),
1163 1722 1273 1777 quod
1301 1722 1508 1764 Diodorus
1526 1719 1558 1776 7)
1604 1727 1715 1766 recte
1746 1738 1840 1780 per-

410 1807 542 1863 spicit.
561 1807 603 1849 N
604 1821 659 1849 on
673 1811 817 1849 tamen
833 1806 1058 1862 Hartungo
1076 1807 1106 1860 8)
1125 1808 1327 1850 assentior
1342 1808 1582 1864 perhibenti
1598 1809 1844 1866 Euripidem

408 1894 454 1936 in
485 1893 728 1936 Phoenissis
758 1894 937 1936 feminas
968 1893 1229 1950 Carthagine
1259 1895 1407 1937 missas
1437 1895 1482 1936 in
1509 1910 1676 1938 scenam
1691 1896 1844 1939 indux-

410 1981 491 2023 isse
521 1986 568 2023 ut
599 1981 656 2023 sic
687 1981 740 2023 ad
768 1981 1025 2037 iungendam
1056 1995 1150 2023 cum
1180 1981 1258 2023 hoc
1287 1982 1440 2038 populo
1472 1982 1699 2025 amicitiam
1732 1983 1844 2027 cives

410 2083 507 2110 suos
537 2068 787 2122 hortaretur,
820 2082 949 2124 quum
980 2082 1221 2109 communes
1251 2067 1383 2110 Poeni
1401 2083 1494 2110 cum
1511 2067 1844 2111 Atheniensibus

411 2154 550 2197 hostes
580 2155 786 2197 haberent
817 2154 1112 2211 Syracusanos.
1158 2154 1273 2215 ,Uno
1304 2158 1468 2196 tantum
1499 2155 1586 2197 loco
1616 2155 1747 2197 fretus
1764 2155 1842 2197 mi-

408 2255 498 2284 ram
545 2243 797 2284 sententiam
834 2242 1055 2284 defendere
1096 2246 1292 2284 conatur:
1336 2241 1485 2283 chorus
1525 2255 1569 2284 se
1599 2241 1734 2284 fausto
1765 2241 1842 2284 Ze-

406 2329 540 2386 phyro
586 2329 752 2371 Ionium
798 2344 929 2383 mare,
977 2329 1086 2385 quod
1128 2328 1326 2384 (quoque)
1360 2327 1545 2370 Siciliam
1578 2328 1839 2384 circumfluit,

452 2544 480 2591 l)
507 2545 546 2580 Ο.
572 2546 607 2580 C.
633 2546 711 2588 837,
738 2543 783 2580 cf.
810 2544 960 2579 Herodt.
986 2544 1031 2588 11,
1057 2545 1112 2579 35.
1137 2562 1181 2569 --
1207 2543 1236 2590 2)
1263 2543 1393 2579 Aesch.
1420 2523 1547 2588 Suppl.
1570 2544 1638 2579 952
1663 2554 1742 2588 sqq.

450 2602 480 2649 ³)
505 2603 655 2638 Herodt.
681 2603 726 2646 11,
753 2606 807 2639 77.
833 2622 877 2627 —
901 2602 931 2648 4)
958 2602 1066 2647 Soph.
1093 2602 1222 2647 fragm.
1249 2604 1327 2638 536.
1353 2623 1397 2629 —
1422 2600 1452 2648 5)
1477 2601 1608 2636 Troad.
1634 2602 1714 2636 221.

450 2662 479 2714 ὃ)
506 2662 532 2698 Ι.
558 2662 599 2698 Τ.
624 2664 690 2698 626
731 2682 768 2687 -
795 2662 824 2707 7)
851 2661 955 2696 Diod.
980 2660 1049 2696 Sic.
1074 2660 1153 2706 XX,
1173 2662 1284 2696 14.-
1299 2663 1331 2706 8)
1345 2660 1448 2696 Hart.
1461 2659 1561 2697 Eur.
1581 2659 1681 2696 Rest.
1695 2659 1744 2706 Π,
1755 2660 1837 2696 409.
