2080 3314
1052 364 1107 406 28

363 498 449 530 non
498 488 736 543 cerdonum,
785 504 912 546 opera
957 490 1028 547 qui
1072 490 1150 533 hoc
1190 505 1321 534 unum
1362 495 1537 548 agerent
1575 495 1623 535 ut
1653 506 1798 536 sensus

364 576 584 631 oculosque
613 575 922 632 pulchritudine
952 579 1272 635 permulcerent.

422 662 690 705 Metallorum
732 678 832 706 vero
872 665 1041 720 fabrica,
1088 667 1205 708 cuius
1235 667 1392 709 mentio
1422 667 1533 724 apud
1563 668 1797 711 Homerum

365 750 718 806 frequentissima,
760 766 845 794 non
884 753 1149 795 mediocriter
1189 754 1411 810 profecisse
1442 754 1620 808 videtur,
1653 769 1798 811 quam-

365 850 490 892 quam
535 836 716 879 Achillis
761 839 932 895 clipeus,
979 854 1073 881 cum
1119 843 1180 882 tot
1225 844 1266 882 et
1301 844 1387 882 tam
1433 840 1587 883 diversi
1631 841 1798 897 generis

365 924 586 965 caelaturis
625 928 809 979 ornatus,
841 926 1099 968 artificiosior
1130 930 1192 968 est
1222 927 1347 982 qua'm
1378 930 1425 967 ut
1455 926 1671 969 credamus
1701 943 1798 985 poe-

364 1013 451 1051 tam
481 1024 683 1067 umquam
714 1012 799 1054 tale
829 1026 932 1068 opus
962 1026 1112 1054 revera
1141 1012 1307 1067 vidisse,
1339 1016 1381 1055 et
1410 1013 1568 1069 palatia
1596 1014 1672 1057 illa
1697 1029 1799 1057 auro

365 1101 623 1153 argentoque
670 1098 879 1154 fulgentia
922 1099 1060 1155 potius
1105 1099 1291 1156 poeticae
1335 1099 1627 1157 imaginationi
1673 1115 1827 1158 quam.

364 1184 533 1227 veritati
565 1184 791 1227 tribuenda
819 1185 1028 1228 videntur.

422 1358 540 1401 Inter
570 1357 612 1400 A
624 1373 645 1399 r
656 1374 676 1401 c
687 1359 716 1400 h
729 1359 743 1400 i
755 1363 771 1401 t
783 1374 806 1402 e
818 1363 906 1401 ctu
917 1374 937 1401 r
950 1375 975 1402 a
988 1374 1010 1402 e
1030 1363 1304 1403 monumenta
1320 1360 1431 1416 apud
1447 1360 1628 1403 Graecos
1643 1361 1801 1417 templa

365 1445 547 1502 primum
594 1446 730 1488 locum
776 1450 936 1500 tenent,
984 1447 1284 1503 antiquissimis
1323 1447 1581 1503 temporibus
1621 1462 1644 1490 e
1684 1447 1800 1504 ligno

366 1532 488 1586 facta,
547 1547 724 1588 quorum
780 1533 1015 1588 ligneorum
1070 1534 1321 1590 templorum
1383 1533 1511 1575 etiam
1571 1532 1802 1590 Euripidea

366 1623 504 1662 aetate
545 1621 749 1662 nonnulla
779 1624 1026 1677 supererant
1041 1617 1085 1675 ¹),
1117 1635 1225 1677 quae
1255 1621 1397 1676 lignea
1428 1620 1617 1663 aedificia
1652 1620 1799 1677 tragici

366 1710 567 1763 spectant,
634 1707 707 1749 ubi
774 1707 905 1763 spolia
968 1707 1013 1748 in
1067 1708 1195 1749 sacris
1250 1707 1423 1750 aedibus
1472 1711 1712 1750 consecrata
1757 1711 1799 1750 et

367 1794 548 1835 affixa
578 1797 813 1836 memorant
827 1790 871 1847 ²).
904 1793 1152 1836 Posterioris
1182 1794 1331 1836 aetatis
1357 1794 1527 1850 templa,
1545 1794 1797 1850 ubicumque

366 1882 458 1935 sita,
500 1881 573 1923 sed
613 1895 779 1937 semper
805 1880 1014 1936 plerisque
1044 1884 1322 1937 spectatorum
1353 1881 1460 1923 bene
1491 1885 1602 1934 nota,
1635 1879 1800 1936 saepius

367 1982 393 2010 a
422 1967 591 2023 tragicis
620 1967 900 2020 celebrantur,
931 1967 1137 2023 imprimis
1168 1967 1221 2009 ab
1251 1966 1468 2024 Euripide,
1491 1966 1677 2009 Graecae
1698 1965 1800 2008 artis

367 2054 542 2108 fautore,
575 2067 751 2109 quorum
772 2057 1139 2095 monumentorum
1157 2053 1297 2095 oblata
1313 2053 1526 2095 occasione
1541 2052 1798 2095 mentionem

366 2139 578 2182 faciemus.

425 2226 515 2268 Nec
544 2226 683 2268 minus
714 2230 852 2269 aetate
882 2226 1049 2268 heroica
1079 2240 1165 2268 ars
1197 2225 1478 2268 statuaria
1506 2225 1552 2266 in
1580 2225 1801 2267 cunabulis

368 2312 448 2354 fuit
493 2316 535 2355 et
581 2313 772 2355 statuarii
818 2312 1042 2368 sculpendo
1096 2326 1304 2354 marmore
1355 2315 1428 2354 aut
1468 2311 1592 2354 ebore
1631 2314 1802 2367 propter

369 2398 505 2455 operis
566 2398 854 2441 difficultatem
917 2387 1188 2452 abstinentes,
1245 2398 1360 2454 ligno
1422 2397 1619 2451 contenti,
1665 2396 1802 2453 prima

422 2599 447 2636 ¹)
473 2597 566 2634 Otfr.
591 2598 727 2634 Miiller
751 2598 847 2634 Hdb.
872 2599 935 2634 der
959 2598 1068 2635 Arch.
1092 2599 1112 2645 ξ
1136 2600 1180 2634 52
1204 2598 1249 2633 A.
1274 2600 1306 2631 2.

425 2657 455 2702 ²)
483 2656 581 2704 Sept.
606 2658 687 2699 278,
709 2656 797 2694 Eur.
821 2656 879 2693 El.
904 2659 926 2693 6
949 2667 1013 2703 sq„
1037 2656 1168 2693 Troad.
1193 2657 1261 2693 578
1282 2666 1360 2704 sqq.
1385 2655 1516 2693 Bacch.
1538 2656 1639 2692 1214.
