2080 3314
710 767 1028 812 CAPUT
1088 768 1168 812 VI.

406 979 464 1011 DE
495 979 701 1011 TRAGICIS
733 979 890 1012 RERUM
921 978 1162 1011 GESTARUM
1194 978 1486 1010 AUCTORIBUS.

272 1329 450 1387 Saepius
480 1329 527 1371 in
565 1328 793 1386 tragoediis
823 1327 1078 1382 invenimus,
1112 1341 1221 1384 quae
1251 1326 1297 1368 in
1328 1325 1541 1370 diversam
1574 1340 1670 1370 sen-

214 1417 394 1461 tentiam
431 1417 616 1474 intelligi
656 1421 699 1460 et
743 1417 947 1474 explicari
977 1416 1152 1474 possint,
1185 1429 1293 1472 quae
1323 1418 1415 1456 tum
1456 1415 1510 1457 ad
1549 1414 1670 1457 fabu-

215 1505 302 1548 lam
335 1505 473 1563 ipsam
518 1505 735 1563 pertinent
778 1509 870 1547 tum
910 1518 1080 1547 sensum
1126 1502 1393 1546 occultiorem
1435 1502 1667 1556 continent,

214 1607 346 1652 quum
391 1607 534 1637 rerum
563 1593 830 1651 publicarum
861 1591 1143 1635 conditionem
1173 1594 1322 1647 poetae
1352 1589 1485 1646 ipsius
1517 1588 1668 1631 aetatis

214 1685 418 1740 spectent.
477 1681 610 1725 Cuius
656 1682 718 1724 rei
748 1681 862 1739 apud
892 1679 1155 1737 Euripidem,
1188 1678 1344 1736 quippe
1375 1678 1447 1735 qui
1478 1677 1668 1720 omnium

213 1770 471 1828 tragicorum
509 1770 697 1813 maxime
737 1769 1014 1812 subiectivam
1045 1767 1255 1810 scribendi
1285 1766 1493 1809 rationem
1509 1765 1668 1820 inierit,

213 1862 417 1903 sexcenta
445 1859 634 1917 proferre
663 1858 762 1900 licet
791 1857 1002 1914 exempla.
1063 1855 1265 1912 Tangens
1296 1854 1411 1897 enim
1441 1868 1667 1911 quaecum-

214 1961 298 2005 que
329 1947 384 1991 ad
412 1947 719 2004 rempublicam
749 1946 978 2003 pertinent,
1012 1958 1125 1986 nunc
1152 1942 1458 1986 democraticae
1476 1941 1670 1985 factionis

217 2038 444 2081 assectator
460 2039 503 2078 et
518 2035 657 2078 fautor
674 2038 750 2090 est,
767 2033 892 2076 modo
909 2032 1071 2089 egregii
1089 2031 1171 2073 viri
1188 2030 1363 2073 consilia
1389 2029 1669 2084 commendat,

217 2124 340 2168 modo
355 2124 500 2183 populi
517 2125 657 2179 duces,
690 2123 868 2181 privatis
886 2122 972 2164 suis
990 2119 1219 2164 commodis
1236 2123 1404 2162 tantum
1422 2118 1670 2172 servientes,

217 2227 446 2270 eorumque
487 2212 604 2256 dolos
640 2215 688 2254 ut
725 2214 905 2254 caveant
955 2212 1212 2267 spectatores
1259 2210 1417 2249 monet.
1480 2205 1674 2248 Foedera

217 2316 313 2345 cum
344 2301 440 2344 aliis
470 2300 714 2343 civitatibus
743 2303 792 2341 ut
821 2299 972 2341 ineant
1005 2297 1118 2340 cives
1157 2294 1329 2349 suadet3
1369 2293 1534 2351 patriae
1571 2306 1673 2334 suae

216 2389 533 2434 amantissimus
563 2388 727 2446 patriae
758 2400 946 2430 amorem
978 2384 1092 2442 apud
1123 2383 1226 2426 alios
1258 2385 1300 2425 et
1316 2380 1460 2424 odium
1476 2380 1522 2422 in
1538 2377 1674 2422 Athe-

216 2493 370 2522 narum
427 2478 583 2532 hostes,
639 2475 890 2534 praesertim
935 2474 982 2515 in
1028 2472 1272 2530 SpartanOS,
1320 2468 1458 2511 acrius
1502 2468 1677 2511 suscitat

216 2581 356 2625 neque
386 2565 604 2623 consopire
634 2564 747 2607 sinit.
779 2561 1018 2619 Aeschylus
1048 2564 1091 2603 et
1121 2557 1348 2616 Sophocles
1365 2569 1530 2613 quoque
1545 2555 1677 2598 inter-

217 2656 318 2699 dum
358 2669 436 2699 sua
480 2658 672 2712 tempora
716 2650 955 2711 praeteritis
1000 2648 1285 2692 immiscentes
1330 2643 1501 2688 modum
1532 2646 1678 2687 tamen

1563 2713 1584 2749 6
