2080 3314
885 837 1197 882 CAPUT
1257 838 1359 881 VII.

948 1046 1005 1076 DE
1045 1045 1297 1077 RELIGIONE.

1022 1230 1226 1237 ——-—

464 1390 684 1448 Perpauca
713 1392 1002 1435 admoniturus
1029 1407 1121 1435 sum
1137 1394 1189 1437 de
1205 1395 1420 1450 religionis
1437 1396 1656 1452 cultusque
1670 1394 1842 1440 deorum

407 1482 520 1521 statu
566 1479 678 1536 apud
725 1481 917 1536 tragicos,
965 1481 1090 1537 prisci
1136 1486 1178 1524 et
1227 1483 1402 1538 ingenui
1458 1482 1704 1539 antiquioris
1749 1483 1844 1525 aevi

406 1580 543 1608 mores
570 1566 838 1623 indolemque
868 1568 1154 1623 neglegentes.

464 1652 671 1695 Heroicae
699 1654 849 1695 aetatis
866 1654 1110 1711 simplicitas
1127 1655 1225 1697 deos
1241 1655 1488 1698 mortalibus
1505 1655 1663 1698 similes
1679 1655 1843 1711 fingens

406 1739 597 1782 homines
636 1755 662 1782 a
700 1741 905 1796 religiosis
947 1742 1249 1784 subtilitatibus
1292 1746 1335 1784 et
1365 1742 1549 1784 obscuris
1580 1742 1843 1784 caerimoniis

405 1828 668 1884 prohibebat,
701 1843 830 1884 quare
860 1829 978 1870 nulla
1008 1843 1210 1871 aroana
1240 1833 1282 1871 et
1311 1829 1582 1885 mysteria
1611 1827 1723 1885 apud
1753 1827 1842 1870 Ho-

405 1930 570 1958 merum
599 1920 899 1971 memorantur,
932 1930 1053 1972 quae,
1084 1930 1154 1959 me
1183 1916 1332 1971 iudice,
1363 1920 1529 1958 tantum
1550 1915 1735 1957 inveniri
1750 1928 1844 1971 pos-

408 2007 505 2044 sunt
545 2003 657 2059 apud
695 2003 898 2059 populum
939 2003 1150 2044 eruditum
1182 2007 1223 2063 et
1253 2003 1482 2057 excultum,
1514 2016 1644 2058 quum
1673 2000 1843 2057 ingenio

407 2090 590 2146 prompti
621 2094 662 2132 et
692 2090 930 2132 subtiliores
960 2089 1164 2144 homines,
1196 2104 1281 2132 non
1312 2090 1492 2146 amplius
1509 2088 1695 2131 contenti
1709 2087 1843 2144 plebis

408 2177 715 2232 superstitione,
748 2177 800 2219 ad
831 2177 981 2219 altiora
1005 2177 1185 2219 tendunt
1202 2180 1244 2219 et
1260 2156 1476 2233 religionis
1493 2176 1683 2232 symbola
1698 2174 1843 2231 expla-

408 2263 536 2305 nandi
567 2268 792 2320 praecepta
822 2263 1063 2320 anquirunt.
1097 2263 1340 2305 Sacerdotes
1370 2277 1493 2319 porro
1523 2262 1568 2304 in
1599 2261 1781 2315 civitate,
1797 2260 1844 2302 in

408 2366 492 2407 qua
511 2351 700 2394 ordinem
727 2351 951 2407 quemdam
978 2350 1137 2392 faciunt
1164 2354 1206 2392 et
1218 2350 1466 2392 auctoritate
1483 2348 1595 2405 apud
1609 2346 1842 2390 multitudi-

407 2452 506 2481 nem
536 2439 718 2479 multum
748 2438 891 2480 valere
921 2441 1138 2491 conantur,
1171 2436 1423 2492 gravitatem
1454 2449 1574 2477 suam
1605 2447 1774 2477 servare
1801 2436 1843 2475 et

408 2539 563 2581 augere
585 2525 754 2566 student
776 2539 930 2567 arcana
951 2525 1168 2580 religione,
1200 2524 1317 2566 cuius
1333 2537 1478 2566 veram
1495 2521 1842 2578 significationem

407 2614 550 2670 paucis
596 2616 762 2655 tantum
807 2611 984 2653 initiatis
1031 2611 1237 2667 aperiunt.
1285 2610 1434 2666 Itaque
1465 2623 1560 2651 cum
1590 2608 1635 2649 in
1666 2606 1841 2649 Oriente

408 2705 497 2743 tum
539 2701 583 2742 in
622 2700 832 2756 Aegypto,
880 2699 952 2740 ubi
994 2698 1252 2740 sacerdotum
1299 2697 1398 2739 ordo
1427 2694 1603 2738 maximi
1635 2692 1839 2736 momenti
