2080 3314
1121 361 1199 401 112

442 483 685 540 inscriptam
715 483 843 526 fuisse
873 483 1087 541 Euripidis
1117 485 1401 541 fragmentum
1422 486 1454 541 ¹)
1485 502 1560 530 nos
1589 488 1720 532 docet.
1742 487 1874 534 Aliud
1925 527 1929 530 .

441 570 627 612 eiusdem
672 569 862 613 Chilonis
891 571 1014 614 affert
1043 571 1246 615 Stobaeus
1268 571 1302 628 2)
1331 572 1391 629 μὴ
1426 573 1630 628 ἐπυθύμει
1675 573 1875 618 ἀδύνατα

440 671 566 713 quam
610 658 831 714 proverbio
866 659 1123 702 consimilem
1168 661 1420 703 sententiam
1462 662 1573 718 apud
1601 663 1780 718 tragicos
1809 677 1874 706 re-

438 744 624 800 perimus
667 745 714 786 in
749 745 997 801 quibusdam
1026 746 1316 802 locutionibus,
1347 752 1394 789 ut
1424 746 1646 790 οέδυνάτων
1668 748 1770 805 ἐρᾶν
1800 753 1874 793 aut

437 827 633 871 οἷδύνατα
658 833 804 887 θηρᾶν
820 831 855 886 3)
886 847 992 889 quae
1022 833 1232 876 Zenobius
1248 834 1480 891 Suidasque
1495 836 1541 877 in
1555 835 1871 893 proverbiorum

438 931 612 959 numero
671 917 841 960 habent.
903 919 1054 962 Nescio
1108 920 1225 963 ouius
1266 921 1466 978 sapientis
1513 923 1723 966 sententia
1762 921 1872 980 ἀρχή

436 1001 573 1059 ἄνδρα
610 1002 821 1045 δείκνυσιν
865 1005 1116 1049 adumbrata
1158 1007 1374 1050 invenitur
1413 1009 1524 1066 apud
1553 1009 1814 1066 Sophoclem,
1839 1007 1870 1064 4)

435 1090 508 1131 ubi
555 1090 806 1133 Scholiastes
837 1092 941 1134 alios
971 1092 1081 1135 hanc
1111 1095 1364 1137 sententiam
1395 1094 1563 1138 Chiloni
1594 1096 1697 1138 alios
1727 1096 1871 1139 Bianti

435 1177 665 1219 attribuere
694 1177 825 1220 docet.
885 1178 1097 1221 Pittaci
1127 1180 1284 1223 dictum
1313 1180 1388 1237 τήν
1411 1180 1516 1222 καθ’
1547 1180 1695 1223 ἑαυτὸν
1719 1181 1871 1223 ἔλαυνε

434 1262 718 1320 Aeschyleum
759 1265 931 1307 chorum
975 1266 1009 1320 5)
1049 1267 1256 1324 respicere
1297 1268 1558 1311 Scholiasten
1594 1283 1679 1312 non
1707 1269 1867 1312 fefellit.

439 1351 668 1408 „Sapiens”
709 1352 770 1394 ita
808 1353 922 1395 enim
954 1352 1191 1397 Oceanidae
1221 1359 1390 1410 canunt,
1426 1370 1550 1410 „vere
1579 1356 1747 1413 sapiens
1776 1355 1868 1411 fuit,

433 1437 468 1479 is
508 1439 580 1494 qui
622 1439 783 1495 primus
819 1440 958 1482 docuit
1001 1441 1126 1496 longe
1155 1446 1369 1498 praestare
1399 1457 1576 1485 uxorem
1614 1443 1728 1500 paris
1772 1457 1867 1486 con-

432 1525 601 1568 ditionis
631 1526 824 1569 ducere.'’
856 1528 987 1570 Nulla
1015 1532 1159 1571 tamen
1188 1533 1379 1572 veterum
1409 1531 1618 1573 sententia
1647 1530 1760 1587 apud
1783 1534 1867 1573 tra-

431 1612 544 1671 gicos
580 1613 703 1656 toties
737 1615 942 1671 repetitur
971 1615 1133 1671 quoties
1162 1615 1267 1657 illud
1297 1616 1493 1659 Solonis
1524 1617 1737 1659 neminem
1768 1621 1885 1660 ante

430 1703 608 1742 mortem
653 1701 824 1743 beatum
870 1717 972 1744 esse.
1007 1703 1040 1758 ⁶)
1100 1702 1233 1744 Aliud
1278 1703 1441 1746 Solonis
1482 1704 1594 1760 apud
1632 1687 1866 1760 Diogenem

430 1788 629 1831 Laertem
653 1788 683 1843 ⁷)
715 1790 891 1845 legitur:
923 1789 1025 1846 ἄρχε
1049 1795 1216 1846 πρῶτον
1241 1790 1402 1844 μαθών
1431 1789 1659 1847 ἄρχεσθαι,
1690 1805 1867 1848 quorum

429 1877 653 1919 verborum
698 1892 859 1920 memor
905 1877 1043 1921 Creon
1089 1875 1342 1936 Sophocleus
1366 1879 1398 1933 ⁸)
1435 1880 1521 1922 filio
1559 1894 1632 1922 suo
1662 1880 1866 1937 praecipit

428 1966 641 2008 neminem
687 1967 844 2009 bonum
886 1968 1021 2010 civem
1067 1983 1144 2010 nec
1189 1969 1484 2024 magistratum
1514 1983 1604 2011 esse
1633 1983 1754 2025 posse
1784 1969 1865 2011 nisi

428 2055 499 2110 qui
530 2056 668 2098 alieno
698 2056 874 2113 imperio
903 2072 1052 2113 parere
1077 2050 1285 2100 didicerit.
1319 2057 1411 2106 Quo
1441 2058 1587 2100 eodem
1617 2059 1706 2100 loco
1736 2058 1864 2100 verbo

426 2145 548 2184 tenus
595 2143 796 2200 (alibique
826 2145 969 2200 paucis
1000 2145 1185 2199 mutatis,
1209 2143 1241 2198 ⁰)
1275 2145 1514 2206 invenimus
1545 2145 1717 2187 tertium
1748 2145 1863 2188 Solo-

424 2229 489 2270 nis
508 2228 562 2283 lo)
593 2230 771 2272 dictum:
805 2228 946 2286 ἀρχῶν
971 2229 1096 2271 ἄκουε
1137 2230 1208 2271 καὶ
1232 2230 1372 2272 δίκαια
1409 2230 1576 2273 κᾶδικα.

472 2355 499 2402 ¹)
525 2357 612 2392 Eur.
637 2357 768 2403 fragm.
794 2359 872 2393 915.
897 2379 943 2384 —
966 2353 1118 2404 2)'Stob.
1142 2358 1238 2393 Flor.
1263 2358 1329 2403 III,
1355 2361 1410 2395 79.
1434 2365 1470 2398 γ.

473 2414 500 2458 3)
526 2415 612 2450 Ant.
637 2417 693 2457 82,
717 2416 798 2451 Hel.
823 2418 901 2462 811,
926 2417 1070 2451 Heracl.
1096 2418 1174 2452 318.
1201 2436 1242 2442 —
1270 2416 1297 2462 ⁴)
1325 2419 1410 2452 Ant.
1438 2418 1515 2452 177.
1539 2437 1586 2443 —
1609 2417 1637 2463 ⁵)
1649 2417 1858 2453 Prom.887.

473 2472 500 2518 ⁶)
525 2472 591 2516 Ag.
616 2475 684 2508 923
710 2484 772 2519 sq„
798 2473 927 2510 Trach.
953 2475 1033 2509 init.
1059 2474 1098 2510 Ο.
1125 2474 1168 2510 R.
1189 2475 1276 2509 1528
1297 2485 1360 2520 sq„
1375 2474 1482 2520 Soph.
1495 2475 1625 2522 fragm.
1638 2477 1705 2511 572
1719 2474 1765 2511 cf.
1779 2476 1859 2512 583.

453 2529 497 2580 7)
521 2530 627 2576 Diog.
650 2531 771 2566 Laert.
795 2531 824 2577 1,
849 2534 881 2567 2.
907 2534 961 2567 12.
986 2552 1031 2558 —
1054 2533 1081 2575 Β)
1105 2522 1191 2567 Ant.
1215 2534 1282 2568 667
1307 2532 1353 2567 cf.
1378 2534 1456 2568 669.

472 2593 496 2637 ⁹)
521 2595 607 2630 Ant.
645 2597 689 2630 63
725 2595 771 2631 cf.
808 2596 856 2630 Ai
881 2598 960 2632 668.
985 2596 1099 2632 Sohol.
1125 2597 1188 2631 ad.
1213 2596 1297 2632 Cho.
1325 2598 1369 2632 75
1395 2597 1502 2633 affert
1527 2595 1635 2632 δοῦλε
1669 2595 1859 2633 δεσποτῶν

422 2659 532 2697 ἄκουε
555 2659 617 2697 καὶ
641 2661 764 2698 δίκαια
779 2661 924 2698 κᾶδικα.
953 2686 992 2693 -
1024 2666 1064 2713 ¹⁰)
1091 2665 1210 2702 Solon.
1235 2666 1366 2713 fragm.
1392 2670 1436 2704 30
1460 2669 1515 2704 ed.
1541 2669 1674 2716 Bergk.
