2080 3314
953 364 1006 405 99

257 492 361 546 erat,
402 489 495 533 fons
536 493 579 533 et
620 490 738 546 origo
769 490 999 532 multorum
1032 504 1283 533 arcanorum
1314 490 1436 533 nobis
1466 491 1710 547 quaerenda

255 580 339 633 est;
378 577 447 620 cui
487 578 725 620 sententiae
762 577 959 620 assentiri
1001 578 1183 634 videtur,
1215 578 1433 622 Herodoto
1461 582 1708 636 praeeunte,

254 663 496 723 Euripides,
539 679 671 722 quum
711 664 977 708 Baccharum
1020 665 1171 709 chorus
1211 665 1433 708 Bromium
1466 666 1632 723 flagitat
1663 669 1711 708 ut

253 766 300 796 se
343 752 391 795 in
434 750 685 810 Aegyptum
724 753 863 808 ducat,
900 753 1011 808 „illic
1043 754 1157 796 enim
1188 753 1367 796 Bacchis
1398 754 1462 796 fas
1494 758 1560 796 est
1590 754 1710 810 orgia

253 839 513 883 celebrare”.
555 841 584 895 ¹)
625 840 725 883 Non
766 841 976 883 miramur
1016 841 1147 897 igitur
1177 841 1290 898 apud
1320 841 1559 884 Homerum
1590 842 1710 884 nulla

253 928 436 985 vestigia
475 943 690 972 sacrorum
731 932 774 971 et
815 929 1182 984 caerimoniarum,
1224 907 1377 986 quibus
1418 929 1564 972 adesse
1604 944 1708 987 pau-

253 1017 313 1060 cis
362 1021 530 1060 tantum
585 1017 734 1072 liceat,
787 1017 972 1060 inveniri
1022 1031 1160 1074 neque
1209 1018 1396 1060 locorum
1446 1017 1707 1060 mentionem

253 1119 364 1162 quae
389 1106 551 1149 calcare
577 1106 631 1148 sit
647 1106 779 1148 nefas.
808 1105 939 1162 Apud
954 1106 1208 1162 posteriores
1225 1106 1449 1163 scriptores
1466 1109 1508 1148 et
1525 1105 1706 1161 tragicos

253 1193 515 1251 frequentior
561 1198 625 1236 est
669 1193 822 1236 horum
873 1194 1062 1236 omnium
1118 1193 1474 1236 commemoratio.
1536 1192 1707 1236 Colonis

255 1279 398 1323 Furiis
444 1295 563 1324 sacer
607 1282 736 1337 locus,
772 1281 806 1336 2)
847 1296 977 1339 prope
1017 1281 1188 1324 Thebas
1227 1282 1274 1323 in
1304 1281 1519 1324 montibus
1549 1281 1707 1324 Bacchi

253 1369 470 1424 sacellum,
504 1368 537 1424 ³)
579 1373 622 1412 et
662 1370 778 1412 locus
808 1369 922 1412 Iovis
952 1369 1131 1412 fulmine
1161 1383 1384 1426 percussus
1412 1369 1704 1424 inveniuntur,

255 1470 366 1514 quae
391 1457 484 1500 loca¹
497 1457 641 1505 omnia
654 1457 868 1500 inaccessa
883 1458 1093 1500 dicuntur.
1121 1457 1240 1500 Inter
1255 1458 1532 1501 caerimonias
1548 1462 1703 1513 autem,

253 1559 363 1604 quae
407 1546 494 1588 ritu
544 1559 698 1588 arcano
743 1545 1137 1600 celebrababantur,
1185 1550 1284 1587 sunt
1328 1546 1472 1588 omnia
1501 1546 1706 1589 sacrificia

251 1634 460 1677 lustralia.
501 1633 669 1676 Dianae
709 1634 840 1690 igitur
880 1634 1050 1690 signum
1091 1649 1179 1677 una
1208 1649 1304 1676 cum
1335 1635 1514 1692 captivis
1545 1650 1589 1678 se
1620 1636 1704 1677 lus-

251 1726 460 1766 traturam
500 1726 543 1766 et
573 1723 844 1780 expiaturam
874 1737 967 1766 esse
998 1723 1202 1765 simulans
1232 1723 1473 1780 Iphigenia,
1505 1718 1708 1768 omnibus‘

250 1810 439 1868 profanis
463 1810 650 1866 remotis,
678 1825 797 1853 mare
823 1811 933 1866 adit3
950 1810 1075 1853 Aiaci
1091 1825 1257 1868 quoque
1273 1811 1500 1854 solitudine
1516 1827 1620 1870 opus
1637 1817 1702 1856 est

253 1902 297 1942 et
337 1898 428 1942 eius
466 1913 576 1942 uxor
614 1900 872 1956 comitesque
912 1900 1047 1942 solum
1090 1914 1187 1942 eum
1229 1900 1347 1942 abire
1386 1901 1608 1957 patiuntur
1637 1906 1697 1956 ut,

252 1987 433 2031 lavacris
487 1988 734 2030 lustralibus
789 1988 1004 2043 adhibitis,
1060 1988 1282 2030 Minervae
1328 1988 1437 2030 iram
1483 1989 1701 2045 effugeret.

251 2074 415 2119 Eodem
444 2075 568 2119 modo
599 2075 753 2133 Oedipi
782 2075 909 2118 morti
939 2090 1064 2118 nemo
1090 2075 1221 2130 adest,
1239 2076 1340 2132 quia
1355 2090 1466 2118 mors
1483 2091 1528 2118 se
1545 2076 1702 2120 Eume-

251 2163 421 2206 nidibus
476 2163 724 2206 devoventis
770 2163 1017 2217 facinorum,
1064 2163 1301 2206 inconsulte
1345 2168 1698 2221 perpetratorum,

251 2251 440 2310 expiatio
470 2255 546 2294 est.

310 2340 394 2382 His
423 2338 689 2382 caerimoniis
718 2338 889 2381 maioris
920 2339 1123 2382 momenti
1155 2344 1253 2381 sunt
1284 2355 1452 2395 arcana,
1480 2355 1589 2398 quae
1614 2357 1700 2386 non

251 2428 307 2472 ad
345 2427 460 2470 hunc
497 2426 676 2468 illumve
716 2426 918 2483 privatim
948 2427 1178 2484 pertinent,
1212 2427 1286 2470 sed
1316 2443 1495 2485 quorum
1525 2430 1700 2487 plurimi

250 2517 360 2560 fiunt
374 2514 614 2573 participes.
646 2513 821 2571 Duplex
836 2515 989 2556 talium
1006 2529 1218 2557 sacrorum
1234 2529 1370 2571 genus
1386 2516 1698 2574 distinguimus:

302 2645 331 2691 ¹)
356 2643 489 2680 Bacch.
514 2644 583 2678 403
608 2654 685 2688 sqq.
710 2662 756 2669 —
778 2641 806 2690 ²)
833 2641 873 2678 O.
901 2641 937 2678 C.
967 2645 1023 2688 37,
1054 2644 1131 2688 126,
1164 2647 1201 2679 et
1223 2645 1370 2690 passim.

295 2704 324 2750 δ)
345 2703 483 2740 Phoen.
511 2704 600 2737 1752
623 2702 676 2737 ef.
702 2703 743 2738 o.
768 2702 805 2738 C.
828 2705 908 2739 675.
