2080 3314
938 346 992 389 89

237 475 385 520 fabula
413 490 504 519 mos
533 475 677 533 plures
706 488 861 517 uxores
891 472 1077 517 habendi
1100 473 1305 530 arguitur:
1342 473 1494 528 „Tales
1520 471 1690 530 nuptias

236 579 292 608 ne
339 563 452 622 apud
496 577 572 606 nos
617 561 886 606 introducas”
934 562 1172 606 Hermione
1218 561 1319 604 dicit
1364 575 1526 618 „neque
1573 561 1687 603 enim

235 651 461 695 honestum
491 665 625 693 unum
655 651 795 692 virum
826 650 1006 693 duarum
1036 650 1291 693 feminarum
1314 649 1504 692 habenas
1525 653 1686 691 tenere.

236 737 500 796 Quicumque
530 738 656 782 rebus
687 739 774 781 suis
804 738 1044 782 domesticis
1074 738 1275 795 prospicit
1304 752 1391 780 una
1428 751 1563 780 uxore
1593 751 1689 779 con-

234 829 378 869 tentus
408 826 516 869 sit''!
551 826 581 881 ¹)
612 826 732 869 Alibi
763 827 943 870 eandem
974 826 1232 870 sententiam
1263 825 1414 868 chorus
1446 825 1685 882 profitetur:

240 929 498 972 „numquam
529 914 716 972 duplices
746 915 874 957 lectos
908 914 1089 957 laudabo
1119 928 1258 970 neque
1296 927 1319 955 e
1349 912 1528 955 diversis
1544 913 1690 954 matri-

235 1003 315 1046 bus
350 1002 519 1057 liberos,
552 1002 664 1045 unde
681 1002 777 1044 lites
795 1002 1020 1059 tristesque
1042 1002 1306 1044 calamitates
1322 1001 1494 1043 familiis
1510 1015 1689 1043 nascun-

236 1088 348 1132 tu1.”
373 1087 408 1144 ²)
447 1088 776 1132 Hardionus
794 1088 828 1144 3)
869 1089 975 1133 haec
1014 1090 1146 1132 verba
1177 1088 1389 1146 quandam
1421 1088 1599 1131 Periclis
1630 1089 1688 1131 le-

235 1192 334 1235 gem
364 1181 556 1235 spectare
586 1182 721 1234 putat,
766 1192 851 1234 qua
887 1177 1041 1235 spuriis
1080 1177 1175 1220 iura
1214 1176 1422 1234 quaedam
1463 1176 1690 1219 constituta

235 1265 334 1308 sint.
364 1264 477 1308 Mira
506 1269 548 1307 et
577 1266 805 1308 temeraria
834 1266 1075 1309 coniectura
1104 1265 1154 1308 L.
1188 1264 1456 1307 Racinius
1477 1261 1510 1318 4)
1541 1278 1689 1307 versus

234 1351 428 1396 laudatos
473 1352 532 1395 sic
563 1353 772 1410 explicat:
813 1354 958 1395 multis
988 1353 1232 1396 hominibus
1264 1357 1305 1395 et
1334 1353 1447 1395 bello
1479 1356 1521 1395 et
1561 1353 1690 1410 pesti-

234 1440 370 1484 lentia
408 1440 614 1494 absumtis
646 1442 786 1484 nescio
817 1457 899 1499 quo
930 1446 1100 1485 auctore
1133 1443 1273 1499 legem
1306 1442 1519 1499 quandam
1558 1443 1690 1485 latam

236 1543 328 1572 esse
361 1529 520 1584 credit,
570 1544 655 1586 qua
701 1534 922 1573 caveretur
968 1535 1016 1572 ut
1063 1531 1129 1572 ius
1178 1530 1282 1573 duas
1316 1545 1472 1573 uxores
1503 1530 1690 1574 habendi

234 1615 572 1659 Atheniensibus
602 1631 844 1660 concessum
877 1618 995 1673 foret,
1029 1633 1112 1675 quo
1143 1619 1300 1661 civium
1333 1633 1548 1674 numerus,
1581 1620 1691 1662 cala-

233 1704 453 1748 mitatibus
484 1704 730 1761 diminutus,
763 1706 902 1749 denuo
948 1711 1215 1750 accresceret.
1277 1707 1516 1763 Tragoedia
1562 1708 1692 1764 igitur

235 1805 314 1836 sua
343 1791 592 1850 Euripidem
622 1793 721 1836 huic
751 1794 837 1850 legi
868 1795 1111 1852 obstrepere
1143 1795 1347 1838 Racinius
1378 1799 1534 1838 censet.

294 1966 420 2010 Nunc
450 1967 668 2011 videamus
701 1984 909 2026 quasnam
932 1975 1075 2028 partes
1102 1972 1204 2014 clari
1233 1975 1455 2028 poetarum
1480 1973 1691 2029 aequales,

234 2055 282 2097 in
311 2055 675 2101 administratione
706 2058 965 2116 reipublicae
996 2061 1207 2116 florentes,
1240 2061 1287 2102 in
1319 2061 1474 2104 fabulis
1511 2062 1690 2118 egerint,

236 2143 306 2186 vel
341 2143 481 2201 potius
511 2149 691 2202 quantas
722 2151 863 2203 partes
904 2148 1008 2190 viris
1049 2148 1180 2191 doctis
1228 2149 1279 2190 iis
1316 2149 1563 2192 tribuendas
1600 2164 1691 2193 esse

236 2230 376 2273 visum
406 2231 473 2273 sit.
506 2231 774 2290 Quamquam
806 2239 1008 2278 sexcenta
1038 2235 1244 2279 eiusmodi
1274 2236 1460 2293 proferre
1481 2236 1580 2279 licet
1606 2252 1693 2280 una

237 2315 559 2362 Alcibiadis
590 2334 770 2376 persona
800 2321 854 2363 ad
885 2321 996 2364 hanc
1026 2337 1117 2366 rem
1147 2323 1445 2366 illustrandam
1476 2324 1668 2367 sufficiat.

294 2405 510 2450 Boeckhio
525 2405 560 2462 5)
578 2407 613 2449 si
631 2407 757 2452 fidem
774 2409 981 2453 habentes
1002 2410 1218 2469 Euripidis
1236 2411 1485 2469 Supplicum
1502 2412 1691 2457 fabulam

283 2538 313 2586 ¹)
337 2538 454 2575 Andr.
482 2540 548 2575 177
572 2550 650 2585 sqq.
676 2560 720 2566 ——
744 2540 774 2588 ²)
798 2541 854 2578 Id.
880 2543 960 2578 465.

284 2597 313 2641 ³)
340 2597 531 2635 Mbmoires
555 2597 598 2634 de
623 2598 740 2636 l·Acd.
764 2599 825 2636 des
849 2600 964 2638 Bezzes
989 2600 1130 2639 Lettres
1154 2606 1179 2638 t.
1205 2602 1294 2640 VIII
1318 2615 1402 2650 pag.
1426 2605 1508 2641 264.

284 2655 314 2700 ⁴)
339 2655 389 2692 id.
415 2659 442 2692 t.
467 2656 501 2692 X
525 2667 609 2704 pag.
635 2658 716 2704 311,
743 2669 820 2705 sqq.
843 2679 890 2686 -—
916 2659 946 2707 ⁶)
971 2659 1022 2695 l.1.
1045 2671 1130 2707 pag.
1159 2662 1236 2697 188.
