2080 3314
1117 367 1171 406 68

485 487 618 544 Signa
642 487 811 544 ignibus
836 488 935 532 data
961 487 1148 546 (πυρσοί)
1176 489 1387 533 Homerus
1412 490 1458 532 in
1483 490 1594 533 bello
1618 489 1706 533 iam
1730 488 1862 547 novit,

428 574 501 618 sed
522 589 681 618 morem
705 575 862 618 famam
883 575 1058 619 alicuius
1074 576 1137 620 rei
1151 580 1296 633 gestae
1311 591 1386 634 per
1401 577 1520 634 ignes
1536 577 1810 634 pervagandi,
1827 577 1864 621 si

427 675 628 718 umquam
644 661 756 719 apud
773 661 954 706 Graecos
969 662 1015 705 in
1034 677 1115 706 usu
1129 663 1209 706 fuit
1231 678 1257 706 a
1282 663 1424 707 Persis
1455 663 1714 721 didicerunt3
1746 663 1863 707 cuius

428 748 490 790 rei
513 748 782 805 peregrinam
808 753 851 792 et
875 749 1050 806 proinde
1065 750 1338 793 recentiorem
1355 750 1559 807 originem
1574 749 1812 807 Aeschylus
1830 749 1863 806 ¹)

426 835 517 891 ipse
563 835 700 892 aperit
744 850 844 879 voce
890 835 1062 879 Persica
1105 833 1320 892 (ἄγγαρος)
1365 840 1501 879 utens.
1542 836 1702 880 Eodem
1741 837 1863 882 modo

428 922 655 966 Persarum
697 922 865 964 nuntios
906 921 1076 965 Persico
1114 922 1283 965 nomine
1314 919 1621 980 (παρασάγγης)
1651 923 1863 967 interdum

426 1009 575 1065 tragici
605 1009 895 1065 signifi'carunt
910 1008 957 1063 2).

486 1096 752 1154 Quamquam
809 1096 1022 1139 Homerus
1072 1096 1307 1153 Phrygiam
1353 1100 1396 1138 et
1439 1096 1647 1140 Troadem
1701 1111 1866 1155 semper

426 1183 650 1240 diligenter
679 1184 900 1241 distinguit
929 1185 1078 1241 tragici
1107 1189 1330 1242 utramque
1358 1185 1576 1242 regionem
1607 1185 1862 1229 confunden-

426 1274 489 1313 tes
530 1271 732 1314 Troianos
762 1272 1010 1329 plerumque
1040 1271 1235 1329 Phryges
1266 1274 1492 1330 appellant.
1526 1273 1736 1317 Sexcenta
1765 1273 1863 1316 licet

426 1357 552 1400 huius
597 1359 660 1402 rei
714 1373 738 1401 e
793 1360 942 1416 quavis
978 1360 1122 1403 fabula
1167 1361 1363 1417 exempla
1407 1361 1606 1418 proferre,
1651 1375 1862 1419 perpauca

428 1449 572 1489 tamen
622 1446 854 1489 sufficiant:
911 1447 1038 1489 Ilium
1093 1447 1285 1505 Phrygia
1334 1449 1435 1491 urbs
1461 1444 1508 1504 3)‚
1554 1448 1714 1492 Hector
1738 1444 1772 1504 4)
1817 1452 1860 1492 et

426 1531 548 1576 Paris
564 1527 597 1588 ὃ)
626 1533 820 1590 Phryges
850 1534 1058 1577 dicuntur.

428 1655 437 1663 .
483 1618 713 1663 Praeterea
750 1621 931 1677 tragicos
960 1621 1203 1678 Phrygibus
1234 1626 1307 1665 aut
1337 1622 1531 1665 Troianis
1560 1636 1710 1678 mores,
1741 1622 1860 1665 insti-

426 1710 531 1762 tuta,
573 1707 678 1750 vitia
718 1709 970 1764 attribuisse,
1003 1723 1180 1766 quorum
1210 1709 1397 1752 Homero
1427 1710 1678 1753 recentiores
1709 1709 1860 1752 Graeci

425 1794 578 1838 Persas
633 1794 879 1838 insimulare
940 1795 1050 1838 soliti
1096 1800 1247 1852 essent,
1295 1810 1318 1838 e
1362 1797 1462 1839 locis
1507 1811 1634 1854 supra
1662 1795 1857 1852 „laudatis

424 1883 516 1925 luce
557 1882 709 1924 clarius
750 1886 936 1939 apparet.
979 1882 1140 1932 Quibus
1171 1882 1324 1925 addere
1352 1883 1485 1940 possis
1513 1887 1646 1926 totam
1682 1882 1859 1928 Orestae

424 1969 593 2012 fabulae
637 1983 806 2012 scenam
846 1970 920 2012 ubi
950 1970 1027 2012 sub
1063 1970 1241 2013 ridicula
1269 1970 1453 2027 Phrygis
1489 1970 1671 2014 eunuchi
1687 1970 1719 2026 6)
1763 1985 1857 2028 per-

425 2072 527 2101 sona
566 2057 793 2101 Persarum
838 2058 1053 2114 ignaviam
1070 2054 1102 2113 7)
1148 2062 1191 2102 et
1218 2051 1581 2116 improbitatem&
1611 2062 1736 2117 poeta
1763 2073 1858 2116 per-

424 2145 607 2188 strinxit.

480 2232 620 2276 Causa
649 2232 982 2290 contemptionis,
1014 2246 1122 2290 quae
1151 2232 1196 2275 in
1226 2232 1452 2289 tragoediis
1481 2232 1667 2291 Phrygis
1697 2234 1857 2278 nomini

424 2320 637 2377 adhaeret,
692 2321 846 2378 partim
900 2321 946 2363 in
991 2321 1073 2364 alio
1127 2320 1446 2366 anachronismo
1491 2322 1731 2379 quaerenda
1769 2325 1855 2379 est;

469 2431 500 2479 1)
524 2432 593 2478 Ag.
618 2432 697 2467 282.
722 2450 768 2458 —
791 2431 820 2474 2)
846 2430 956 2476 Soph.
981 2430 1111 2477 fragm.
1139 2431 1217 2475 459,
1241 2430 1328 2466 Eur.
1354 2430 1484 2477 fragm.
1509 2432 1588 2468 687.

467 2491 499 2537 3)
523 2490 584 2527 Or.
611 2492 712 2525 1383.
736 2509 779 2516 -
803 2490 833 2536 4)
859 2489 908 2525 id.
936 2491 1036 2525 1480.

469 2549 500 2596 5)
525 2549 552 2585 Ι.
585 2549 628 2584 A.
663 2550 718 2593 71,
749 2549 805 2593 92,
833 2549 933 2593 1284,
960 2548 1058 2592 1475,
1086 2548 1173 2581 1511
1199 2546 1244 2583 of.
1269 2546 1356 2582 Hee.
1381 2549 1415 2592 4,
1441 2549 1521 2594 492,
1545 2549 1624 2590 776,
1647 2548 1726 2592 827,
1754 2548 1853 2594 1111,

426 2609 525 2652 1141,
550 2607 638 2642 Eur.
664 2606 723 2641 El.
747 2608 826 2651 681,
850 2607 929 2642 917.
954 2606 1084 2642 Troad.
1110 2607 1164 2641 64.
1190 2625 1235 2632 —
1259 2605 1288 2652 ⁶)
1315 2605 1374 2641 Or.
1402 2608 1500 2642 1528.
1526 2626 1570 2633 -
1595 2606 1623 2653 ⁷)
1650 2606 1698 2642 id.
1726 2607 1824 2642 1351.

470 2669 499 2710 8)
524 2665 574 2701 id.
602 2666 702 2700 1447.
