2080 3314
1076 386 1102 428 2

375 513 428 556 ab
472 512 655 556 heroicis
700 514 957 570 temporibus
1003 528 1052 556 eo
1091 514 1227 570 magis
1267 514 1479 557 distabant
1508 527 1589 571 quo
1619 513 1806 557 Homero
1862 519 1871 526 “

375 602 512 641 aetate
540 598 789 655 posteriores
819 602 951 641 erant.
1012 597 1073 640 At
1102 613 1156 642 ne
1182 599 1416 642 Homerum
1432 599 1600 656 quidem
1615 603 1806 658 tempora
1860 615 1863 618 ·

374 685 666 742 antiquissima
711 684 976 742 descripsisse
1021 686 1172 742 aliquis
1217 686 1366 729 merito
1382 686 1556 742 obiciat3
1602 687 1802 744 temporis

374 771 488 813 enim
528 771 722 828 spatium,
761 771 807 813 in
837 785 918 828 quo
947 786 1014 815 res
1045 772 1099 815 ab
1129 769 1330 816 Homero'
1345 773 1504 816 relatae
1519 776 1676 830 *gestae
1704 773 1802 829 sint,

373 858 496 901 certis
526 858 717 901 terminis
747 858 1028 902 circumscribi
1057 873 1142 901 non
1171 874 1304 916 posse.

431 944 565 987 Poeta
581 944 725 1000 igitur,
743 945 810 987 cui
821 959 871 987 ea
886 949 1052 988 tantum
1070 959 1178 1002 quae
1193 945 1413 988 hominum
1424 960 1615 989 sermone
1629 946 1806 1003 posteris

374 1030 528 1073 tradita
558 1035 692 1086 erant,
724 1032 976 1087 serviebant,
1009 1032 1125 1074 euius
1155 1032 1327 1088 ingenio
1356 1032 1516 1089 poetico
1532 1033 1705 1076 fortasse
1721 1033 1806 1076 rari

375 1117 631 1174 antiquiores
660 1122 808 1175 poetae
838 1120 983 1161 lumen
1014 1120 1313 1175 praetulerant,
1345 1120 1592 1176 plerumque
1607 1119 1808 1162 reddebat
1877 1145 1881 1148 -

375 1208 448 1246 aut
482 1219 589 1261 quae
618 1205 708 1262 ipse
753 1205 917 1248 viderat
946 1210 1019 1248 aut
1065 1220 1172 1262 quae
1218 1206 1308 1249 eius
1336 1206 1583 1262 imaginatio
1612 1206 1806 1250 finxerat.

374 1291 472 1333 Non
505 1296 649 1335 tamen
682 1292 832 1335 desunt
863 1293 974 1335 unde
1006 1297 1206 1350 appareat
1235 1293 1470 1336 Homerum
1490 1307 1806 1350 nonnumquam

375 1382 567 1435 tempora
597 1380 758 1422 cautius
789 1379 1031 1422 distinxisse
1061 1394 1186 1436 quam
1219 1395 1244 1423 a
1272 1385 1396 1437 poeta
1410 1381 1524 1422 illius
1540 1380 1807 1423 remotissimi

374 1466 576 1522 temporis
607 1470 958 1523 exspectaremus.
990 1467 1208 1509 Interdum
1239 1453 1365 1510 enim>
1382 1467 1577 1510 heroibus
1592 1465 1808 1510 inauditae

374 1547 554 1610 corporis
601 1553 711 1596 vires
756 1554 999 1595 tribuuntur
1045 1558 1098 1609 et,
1146 1558 1192 1596 ut
1236 1568 1380 1614 eorum
1409 1554 1671 1596 incredibilia
1699 1555 1808 1597 facta

378 1640 635 1683 auditoribus
679 1641 840 1697 probet,
896 1645 1021 1697 poeta
1064 1642 1152 1698 ipse
1198 1642 1416 1698 profitetur
1459 1655 1543 1683 non
1587 1640 1708 1683 facile
1753 1641 1806 1684 ab

374 1727 618 1782 aequalibus
665 1726 749 1768 suis
790 1719 886 1780 (οἶοι
913 1731 991 1767 νῦν
1013 1727 1159 1782 βροτοί
1177 1724 1256 1767 εἶσι
1276 1724 1309 1782 ¹)
1349 1726 1452 1768 talia
1480 1725 1710 1768 confectum
1739 1725 1805 1767 iri.

375 1812 534 1855 Eodem
580 1814 764 1870 pertinet
810 1814 918 1870 quod
948 1814 1021 1855 ubi
1061 1818 1186 1870 poeta
1225 1814 1314 1869 ipse
1344 1812 1527 1869 loquitur
1556 1811 1806 1854 Corinthum
1882 1823 1886 1828 '

375 1899 520 1942 eodem
566 1901 736 1943 nomine
782 1901 967 1957 appellat
1013 1914 1094 1957 quo
1142 1900 1232 1942 eius
1279 1903 1418 1942 aetate
1463 1898 1703 1953 vocabatur,
1735 1898 1808 1942 sed

374 1985 543 2040 heroes,
582 1990 706 2042 poeta
751 1987 1020 2043 antiquiores,
1068 1986 1281 2043 antiquius
1326 1986 1451 2027 huius
1496 1985 1611 2028 urbis
1655 1999 1809 2028 nomen

375 2070 593 2128 Ephyram
624 2078 853 2129 usurpant;
871 2073 1016 2115 eodem
1035 2087 1198 2129 quoque
1214 2072 1335 2114 modo
1352 2071 1648 2128 explicandum
1659 2075 1721 2114 est
1736 2085 1810 2113 cur

374 2158 501 2201 tubae
530 2172 653 2201 usum
672 2158 705 2213 2)
736 2164 778 2202 et
809 2159 1025 2216 equitandi
1053 2173 1214 2202 morem
1232 2158 1267 2214 3)
1287 2159 1420 2201 sciens
1437 2158 1649 2201 Homerus
1664 2162 1808 2201 tamen

374 2258 606 2301 numquam
637 2245 785 2289 heroes
817 2246 920 2288 tuba
951 2250 1148 2288 canentes
1180 2249 1253 2288 aut
1282 2259 1388 2302 equo
1418 2244 1621 2288 vehentes
1650 2247 1724 2287 aut
1752 2257 1808 2286 ex

370 2345 481 2387 equo
510 2336 746 2388 pugnantes
779 2337 1079 2390 repraesentet.
1141 2332 1260 2382 Quae
1290 2347 1424 2390 pauca
1453 2336 1596 2374 tamen
1614 2345 1690 2388 pro
1705 2330 1807 2373 utri-

374 2431 506 2474 usque
550 2419 746 2461 carminis
791 2420 1054 2475 longitudine
1094 2424 1137 2463 et
1167 2420 1406 2476 argumenti
1436 2419 1640 2462 varietate
1671 2417 1803 2474 opim'-

426 2566 449 2610 ¹)
478 2566 601 2610 Lehrs,
627 2567 741 2602 Arist.
770 2565 874 2602 Stud.
890 2567 997 2602 Hom.
1012 2579 1094 2613 pag.
1108 2569 1187 2610 237,
1201 2567 1247 2602 cf.
1260 2567 1378 2603 Schol.
1391 2567 1433 2601 Il.
1447 2566 1506 2608 VI,
1523 2567 1598 2609 152,
1611 2563 1700 2598 XIII
1717 2565 1796 2599 301.

422 2624 447 2669 ²)
475 2624 516 2658 11.
542 2625 673 2669 XVIII,
699 2627 775 2660 219.

419 2682 450 2724 3)
501 2681 567 2716 Od.
597 2681 634 2721 V,
664 2684 741 2717 371.
767 2682 814 2716 cf.
843 2682 960 2717 Schol.
987 2683 1071 2717 Cod.
1098 2683 1223 2717 Venet.
1249 2683 1295 2717 ad
1320 2683 1360 2716 Il.
1386 2682 1463 2724 XV,
1492 2681 1568 2715 679<
