2080 3314
1088 361 1146 404 30

398 500 501 542 quas
561 485 744 542 porticus
794 487 1020 543 metopicas
1077 487 1232 543 figuras
1283 488 1411 532 fuisse
1462 488 1583 532 credo
1613 487 1658 543 ¹).
1719 488 1836 532 Tafis

398 573 621 629 descriptio
661 573 964 629 spectatoribus
1005 574 1107 616 artis
1148 575 1426 618 amantissimi
1468 580 1510 618 et
1549 576 1835 632 intelligentes

399 660 488 701 sine
545 659 671 701 dubio
725 663 848 715 grata
903 660 995 714 fuit,
1052 662 1300 716 praesertim
1357 676 1499 718 quum,
1556 662 1665 719 quod
1720 662 1835 704 Mus-

398 746 569 802 gravius
610 745 884 801 probabiliter
922 746 1108 801 coniecit,
1143 746 1426 790 Athenienses
1456 749 1537 805 ipsi
1567 749 1731 805 porticu
1759 748 1835 791 illa

397 833 602 888 templum
633 831 902 874 donavissent
932 846 955 874 e
980 833 1149 889 praeda,
1182 833 1527 876 Lacedaemoniis
1558 834 1611 876 ad
1627 834 1787 877 Rhium
1802 834 1834 889 ²)

399 933 424 960 a
453 919 709 960 Phormione
741 917 807 960 Ol.
834 920 902 961 87.
921 920 960 960 4.
980 918 1154 961 devictis
1171 916 1215 973 3).
1243 919 1561 976 Antiquissimis
1577 921 1834 978 temporibus

397 1009 585 1062 metopas
626 1009 806 1061 apertas,
848 1019 933 1047 non
974 1005 1184 1061 lapidibus
1226 1007 1454 1063 exsculptis
1484 1008 1659 1062 clausas,
1690 1008 1831 1064 fuisse,

396 1095 533 1147 poeta,
581 1092 759 1134 reddens
805 1092 914 1148 quod
958 1092 1048 1148 ipse
1094 1093 1270 1147 viderat,
1318 1108 1403 1136 non
1449 1098 1578 1136 curat.
1639 1093 1833 1139 Alteram

397 1178 584 1221 eiusdem
626 1179 793 1234 generis
834 1179 1155 1235 descriptionem
1196 1179 1307 1236 apud
1347 1180 1594 1237 Euripidem
1625 1182 1834 1238 quondam

394 1266 606 1308 exstitisse
637 1269 798 1308 constat
828 1279 851 1308 e
881 1266 1117 1322 fragmento
1147 1267 1270 1309 valde
1301 1272 1494 1324 corrupto
1509 1265 1554 1322 4).

454 1438 642 1481 Tametsi
672 1453 758 1481 non
787 1442 925 1480 vestes
955 1442 1121 1481 tantum
1147 1439 1369 1495 tingebant
1386 1441 1665 1498 antiquissimi
1682 1441 1834 1486 Graeci

396 1525 469 1567 sed
500 1526 627 1568 etiam
659 1526 854 1568 eburneis
885 1527 1142 1569 ornamentis
1158 1527 1188 1580 ⁵)
1211 1528 1389 1570 colorem
1405 1529 1671 1584 inducebant,
1689 1533 1832 1573 tamen

396 1626 522 1667 quam
567 1613 734 1668 proprie
764 1613 994 1668 picturae
1040 1617 1197 1655 artem
1227 1614 1364 1656 dicere
1394 1629 1626 1671 possumus,
1658 1616 1748 1658 eius
1777 1630 1832 1659 ne

396 1699 622 1754 vestigium
653 1699 820 1754 quidem
838 1699 948 1755 apud
969 1698 1203 1741 Homerum
1220 1700 1471 1742 invenimus.
1489 1701 1657 1756 Tragici
1673 1706 1830 1758 autem,

394 1787 622 1828 multorum
654 1785 919 1840 egregiorum
950 1785 1155 1827 artificum
1186 1787 1394 1842 aequales,
1423 1801 1599 1843 quorum
1621 1789 1829 1845 operibus,

366 1884 560 1914 ‘summa
605 1876 696 1915 arte
742 1872 873 1925 factis,
921 1871 1105 1927 quotidie
1136 1873 1274 1914 oculos
1313 1874 1552 1929 pascebant,
1595 1889 1680 1917 non
1709 1875 1832 1919 facile

397 1963 578 2001 aetatem
633 1958 917 2000 informabant
972 1972 1107 2013 paene
1152 1959 1266 2000 omni
1313 1963 1403 2001 arte
1448 1964 1672 2003 carentem.
1719 1961 1831 2005 Prae

396 2045 544 2087 ceteris
574 2044 834 2100 Euripidem,
867 2043 938 2100 qui
968 2043 1057 2099 ipse
1089 2044 1262 2086 ineunte
1293 2049 1430 2087 aetate
1455 2046 1644 2102 picturae
1660 2061 1830 2104 operam

396 2130 558 2173 dedisse
588 2131 762 2184 dicatur,
797 2155 849 2159 -
881 2130 1105 2171 nonnullas
1126 2131 1291 2172 tabulas
1309 2145 1334 2173 a
1349 2137 1473 2187 poeta
1487 2133 1577 2188 ipso
1592 2133 1725 2189 pictas
1741 2134 1830 2177 Me-

394 2220 507 2275 garis
537 2223 724 2262 servatas
755 2218 882 2259 fuisse
912 2218 1167 2275 biographus
1198 2220 1318 2261 nobis
1335 2225 1492 2275 narrat,
1513 2246 1566 2251 -
1583 2221 1829 2278 Euripidem

441 2340 465 2379 ¹)
494 2342 567 2373 Ion.
595 2340 661 2374 190
685 2349 762 2383 sqq.
790 2359 832 2363 —
858 2338 884 2381 ε’)
913 2338 964 2374 Cf.
992 2339 1040 2375 id.
1069 2350 1119 2375 vs,
1150 2341 1247 2374 1592.

445 2396 471 2438 ³)
497 2397 610 2431 Thuc.
636 2396 684 2440 ΙΙ,
708 2397 764 2430 84.
815 2396 918 2431 Diod.
945 2396 1014 2431 Sic.
1040 2397 1121 2438 XII,
1147 2399 1202 2431 48.

441 2456 468 2501 ⁴)
493 2454 581 2489 Eur.
606 2453 738 2499 fragm.
763 2456 829 2489 764
857 2454 918 2489 ubi
942 2453 1172 2489 Dindorfium
1197 2454 1606 2501 sequentesfalegimusr

709 2514 805 2560 ἰδοῦ,
830 2515 920 2566 πρὸς
943 2516 1062 2567 αἰθέρ’
1085 2516 1319 2565 ἐξαμίλλησαι
1342 2516 1465 2567 κόρας,

709 2583 895 2636 γραπτοῦς
919 2585 960 2622 ἓν
982 2585 1121 2622 devota
1141 2588 1375 2637 προσβλέπων
1397 2585 1542 2627 τύπους.

441 2650 469 2699 δ)
495 2649 539 2690 11.
562 2649 623 2698 Ν,
649 2650 726 2689 141.
