2080 3314
937 353 957 394 1-
966 354 1018 395 145

251 479 306 526 de
343 494 487 524 rerum
526 479 691 537 origine
730 479 940 523 disserens
981 484 1175 522 autumat
1205 494 1290 523 non
1320 494 1444 522 suum
1474 479 1588 523 hunc
1617 493 1704 522 ser-

251 583 422 612 monem
466 582 557 611 esse
602 567 676 611 sed
721 567 869 610 matris
914 572 1153 625 praecepta,
1176 568 1207 623 ²)
1253 582 1432 625 quorum
1477 568 1704 611 verborum

253 670 403 716 verum
432 670 604 699 sensum
633 655 720 698 iam
750 655 960 699 Diodorus
989 655 1215 699 intellexit.
1235 653 1269 711 2)
1302 655 1440 705 Quam
1456 656 1707 699 brevissime

253 746 399 800 potero
427 742 782 787 necessitudinem
811 743 924 785 inter
954 743 1158 800 quasdam
1188 743 1421 786 sententias
1452 743 1707 802 Euripideas

254 835 298 878 et
325 830 615 890 Anaxagorae
645 832 845 889 dogmata
873 832 1164 875 demonstrare
1193 833 1389 876 conabor.

268 940 274 963 ῑ
312 919 597 980 Philosophus
640 922 714 966 ille
757 922 906 966 statuit
927 921 963 977 3)
1007 922 1201 966 homines
1241 921 1528 980 animaliaque
1566 923 1710 967 omnia

255 1009 445 1053 maribus
499 1010 707 1067 originem
762 1025 884 1054 suam
928 1010 1097 1067 debere,
1145 1026 1275 1068 quum
1321 1012 1505 1055 feminae
1541 1016 1709 1055 tantum

256 1099 524 1156 receptacula
567 1102 722 1154 essent,
753 1098 799 1141 in
829 1099 982 1156 quibus
1012 1099 1148 1141 foetus
1177 1096 1460 1156 deponeretur
1502 1104 1545 1142 et
1576 1100 1710 1143 alere-

258 1189 342 1229 tur.
382 1185 548 1230 Aether
588 1201 689 1243 ergo
725 1190 769 1230 et
808 1186 956 1242 Terra,
998 1200 1107 1243 quae
1137 1187 1360 1229 creationis
1390 1187 1473 1230 duo
1502 1188 1712 1246 principia

259 1277 373 1330 sunt,
405 1274 615 1317 connubio
644 1274 827 1332 quodam
857 1274 1186 1331 coniunguntur,
1215 1289 1347 1332 quare
1363 1274 1598 1318 Aetherem
1614 1275 1710 1318 deo-

259 1376 356 1406 rum
385 1362 692 1420 hominumque
721 1363 957 1420 genitorem
973 1363 1201 1421 Euripides
1217 1369 1352 1420 voeat,
1370 1365 1549 1408 Terram
1566 1370 1710 1409 autem

259 1450 510 1513 coelestibus
549 1451 758 1494 imbribus
796 1452 1017 1508 imbutam,
1059 1452 1249 1495 omnium
1279 1468 1422 1496 rerum
1462 1458 1656 1497 matrem.
1676 1454 1711 1510 ⁴¹)

261 1537 358 1588 Qua
386 1538 536 1582 eadem
565 1538 769 1595 doctrina,
800 1543 849 1582 ut
878 1539 1163 1582 matricidium
1194 1545 1380 1596 excuset,
1429 1541 1564 1583 utitur
1586 1541 1712 1585 Ores-

259 1631 325 1671 tes
364 1641 494 1685 seque
533 1627 667 1685 patris
707 1628 889 1670 ultorem
925 1628 1170 1685 profitetur:
1218 1629 1312 1683 „hio
1346 1629 1490 1672 enim”
1524 1630 1585 1672 ait
1620 1645 1713 1686 „me

259 1716 423 1773 genuit,
449 1719 587 1758 mater
603 1719 747 1758 autem
763 1730 832 1758 me
847 1716 1025 1773 peperit,
1043 1720 1261 1773 tamquam
1278 1731 1381 1774 ager
1397 1732 1543 1761 semen
1559 1718 1613 1761 ab
1630 1719 1714 1762 alio

246 1801 493 1862 'aecipiens3
524 1804 616 1847 sine
646 1808 767 1861 patre
792 1804 904 1846 filius
930 1819 1163 1862 numquam
1180 1805 1295 1848 nasei
1310 1805 1491 1863 potest”.
1513 1805 1548 1861 ⁵)
1575 1806 1714 1856 Quam

262 1891 442 1936 eandem
467 1892 521 1935 ob
547 1906 717 1935 eausam
745 1892 886 1935 nescio
912 1893 1006 1949 quis
1032 1893 1144 1935 filius
1164 1893 1210 1935 in
1226 1893 1396 1936 fabulae
1412 1894 1599 1938 incertae
1615 1910 1716 1953 quo-

263 1980 362 2024 dam
400 1979 640 2041 fragmento
680 1994 726 2023 se
754 1980 958 2023 maiorem
988 1981 1275 2024 reverentiam
1305 1986 1348 2025 et
1371 1982 1576 2039 pietatem
1606 1986 1719 2041 patri

263 2082 392 2126 quam
407 2067 536 2111 matri
550 2067 705 2111 debere
721 2068 918 2112 affirmat.
927 2068 960 2124 ⁰)
978 2068 1025 2112 Si
1040 2069 1147 2112 forte
1164 2070 1258 2126 quis
1275 2070 1429 2113 obiciat
1444 2076 1615 2128 praeter
1630 2072 1717 2115 Eu-

263 2156 443 2214 ripidem
473 2156 579 2200 alios
602 2171 782 2214 quoque,
804 2157 877 2215 qui
899 2156 1188 2214 Anaxagorae
1214 2158 1426 2202 auditores
1442 2174 1527 2202 non
1542 2161 1714 2217 fuerint,

264 2243 433 2302 saepius
471 2248 618 2288 tamen
655 2250 838 2288 matrem
877 2259 1029 2302 aqrum
1063 2245 1093 2300 ⁷)
1134 2247 1204 2289 vel
1236 2251 1465 2303 paternum
1494 2249 1655 2292 sulcum
1681 2250 1715 2306 Θ)

266 2333 516 2391 appellasse,
557 2333 593 2375 is
632 2333 775 2389 velim,
817 2338 1013 2391 reputato
1052 2334 1342 2378 huiuscemodi
1373 2336 1579 2380 voeabula
1607 2337 1716 2381 nihil

314 2509 342 2556 ¹.)
367 2507 455 2543 Eur.
479 2506 611 2553 fragm.
635 2509 715 2543 488.
741 2527 788 2534 -
811 2507 841 2555 ²)
867 2506 973 2545 Diod.
1000 2508 1071 2546 Sic.
1098 2509 1126 2556 Ι,
1155 2512 1208 2546 11.

313 2566 343 2614 ³)
367 2565 521 2602 Aristot.
546 2564 593 2600 de
618 2565 740 2601 Anim.
765 2578 847 2613 gen.
872 2566 930 2608 lv,
958 2569 991 2606 1.
1016 2588 1062 2595 -
1085 2568 1116 2606 ⁴)
1142 2568 1230 2605 Eur.
1256 2569 1387 2615 fragm.
1413 2572 1492 2608 836.

314 2625 340 2670 Ι)
364 2625 425 2662 Or.
452 2626 530 2661 552.
556 2644 599 2651 -
626 2623 652 2668 ⁶)
676 2625 766 2661 Eur.
788 2625 920 2673 fragm.
946 2628 1048 2662 1048.
1071 2646 1118 2654 ——
1134 2627 1162 2672 ⁷)
1177 2627 1275 2674 Sept.
1290 2631 1368 2674 754,
1384 2629 1422 2665 Ο.
1438 2630 1475 2666 C.
1490 2632 1593 2678 1257,
1613 2632 1714 2675 1485.

317 2684 349 2732 ο)
376 2683 417 2720 0.
441 2683 485 2720 R.
511 2685 611 2720 1211.
637 2684 723 2721 Ant.
747 2687 826 2722 569.
