2080 3314
1081 381 1161 420 100

395 520 543 562 unum,
594 518 722 563 quum
769 505 920 563 spiritu
968 505 1111 549 divino
1156 506 1270 560 tacti,
1318 506 1525 564 lymphati
1564 507 1752 558 furerent
1795 508 1838 548 et

395 593 714 648 baccharentur,
756 593 951 648 alterum,
972 606 1119 649 „quum
1155 592 1357 649 peculiari
1394 593 1480 634 ritu
1523 591 1680 635 initiati
1723 605 1837 634 arca-

396 680 462 722 nis
508 680 772 722 interessent.
841 678 962 728 Quod
1017 679 1204 735 deorum,
1259 678 1325 721 his
1378 679 1425 721 in
1478 678 1690 735 mysteriis
1734 677 1840 720 cele-

396 767 626 821 bratorum,
679 766 851 809 nomina
903 766 1015 823 apud
1060 766 1318 823 antiquiores
1362 770 1508 823 poetas
1553 770 1627 808 aut
1670 779 1840 823 prorsus

397 854 564 909 absunt,
596 858 644 895 ut
672 853 883 909 Bromius,
915 853 1104 909 Iacchus,
1136 853 1341 909 Bacchus,
1373 853 1482 897 Core
1512 854 1597 908 alii,
1638 856 1712 896 aut
1751 851 1839 895 obi-

397 945 463 983 ter
501 944 668 983 tantum
703 944 1004 996 memorantur,
1034 945 1082 982 ut
1111 940 1325 997 Dionysus
1357 945 1399 983 et
1428 940 1642 995 Demeter,
1673 939 1842 982 heroica

398 1032 537 1071 aetate
567 1028 842 1085 posteriorem
874 1043 964 1071 esse
995 1028 1120 1070 huius
1152 1027 1257 1070 ritus
1288 1027 1496 1084 originem
1526 1028 1692 1085 probat.

457 1114 661 1157 Omnium
703 1115 921 1157 notissima
951 1119 1048 1157 sunt
1079 1115 1248 1158 Sacra
1277 1114 1576 1158 Eleusinia
1603 1114 1650 1156 in
1679 1095 1845 1156 Cereris

400 1202 575 1259 eiusque
592 1202 704 1244 filiae
721 1202 1001 1258 Proserpinae
1017 1202 1187 1259 templo.
1217 1202 1244 1256 ¹)
1265 1201 1453 1250 Quorum
1470 1201 1600 1257 origo,
1619 1203 1842 1258 quantum-

400 1289 465 1331 vis
487 1289 669 1346 antiqua
699 1289 839 1344 fuerit,
870 1292 1016 1331 tamen
1047 1303 1132 1331 non
1163 1288 1392 1331 verisimile
1423 1292 1487 1331 est
1518 1301 1662 1330 omnes
1691 1286 1842 1329 horum

402 1377 508 1418 ritus
538 1380 756 1433 totumque
785 1376 969 1431 modum,
1002 1390 1083 1433 quo
1114 1376 1447 1431 celebrabantur,
1480 1390 1555 1432 per
1585 1378 1646 1417 tot
1676 1373 1843 1416 saecula

393 1463 566 1506 veosdem
596 1463 737 1506 fuisse.
771 1462 1069 1520 Quaecumque
1100 1462 1249 1518 tragici
1266 1462 1317 1505 de
1333 1462 1544 1519 mysteriis
1559 1461 1834 1515 tradiderunt,

399 1551 511 1608 apud
539 1551 702 1608 priscae
732 1551 882 1593 aetatis
914 1550 1134 1607 scriptores
1165 1550 1319 1592 frustra
1349 1549 1551 1606 quaesita,
1580 1548 1692 1605 apud
1708 1546 1836 1602 tragi-

400 1652 541 1680 corum
588 1638 786 1694 aequales
830 1637 972 1680 omnia
1015 1636 1261 1694 reperimus,
1303 1636 1415 1678 unde
1446 1633 1561 1677 haud
1592 1634 1833 1677 dubitanter

400 1726 606 1768 affirmem
645 1725 725 1767 hac
764 1738 928 1781 quoque
968 1724 1014 1765 in
1054 1738 1100 1767 re
1134 1723 1314 1779 tragicos
1346 1737 1423 1764 sua
1451 1726 1642 1778 tempora
1671 1724 1832 1763 secutos

399 1828 504 1875 esse,
530 1828 615 1856 non
639 1813 943 1868 investigantes
973 1811 1178 1868 numquid
1207 1811 1320 1852 inter
1351 1809 1607 1866 antiquiores
1632 1812 1675 1850 et
1689 1822 1832 1851 recen-

398 1901 525 1943 tiores
565 1900 669 1942 ritus
699 1899 950 1942 interfuerit.
993 1898 1198 1954 Mysteria
1227 1897 1424 1940 vicesimo
1454 1896 1610 1938 mensis
1639 1895 1719 1950 die,
1751 1909 1832 1952 quo

398 1988 596 2031 Iacchum
642 1987 819 2029 solemni
863 2000 1018 2043 pompa
1057 1984 1339 2027 Athenienses
1379 1983 1580 2025 Eleusina
1619 1970 1831 2037 ducerent,
1894 1996 1896 1999 ·

399 2076 609 2118 celebrata
628 2074 756 2116 fuisse
773 2073 978 2116 audimus.
993 2071 1026 2126 2)
1058 2072 1241 2113 Initiatis
1258 2071 1357 2125 (τοῖς
1370 2069 1668 2126 μεμνημένοις)
1683 2068 1833 2125 prioris

348 2189 352 2192 -
399 2162 569 2217 ordinis,
608 2161 753 2203 multis
783 2160 995 2202 laboribus
1024 2158 1267 2215 perfunctiS,
1299 2157 1469 2200 tandem
1500 2155 1762 2198 sanctissima
1790 2158 1833 2198 et

400 2249 697 2306 augustissima
718 2247 846 2290 oculis
862 2259 1065 2302 usurpare
1081 2244 1246 2287 licebat.
1278 2244 1392 2286 Hinc
1408 2247 1544 2286 castus
1561 2242 1830 2299 Hippolytus,

398 2336 590 2378 initiatus
619 2335 705 2377 iam
738 2337 850 2388 ante,
882 2333 1091 2390 profectus
1116 2345 1205 2374 esse
1222 2331 1373 2373 dicitur
1390 2334 1436 2372 ut
1466 2329 1677 2371 viseret
1706 2341 1832 2370 vene-

399 2423 531 2466 randa
559 2421 762 2478 mysteria
790 2419 849 2474 (ἐς
878 2417 987 2476 ὄψιν
1015 2417 1088 2459 καὶ
1116 2417 1212 2474 τέλη
1242 2422 1407 2470 σεμνῶν
1422 2417 1668 2471 μυστηρίων.
1682 2412 1714 2468 3)
1730 2413 1832 2456 Post

447 2635 472 2678 ¹)
501 2633 588 2667 Eur.
613 2631 737 2677 Suppl.
765 2633 820 2666 30.
847 2648 888 2655 -—
915 2629 942 2672 2)
969 2628 1033 2664 Ion
1061 2630 1158 2664 1076.

449 2697 475 2740 ³)
501 2697 609 2742 Hipp.
632 2698 678 2730 -25
706 2695 756 2730 Cf.
782 2695 885 2729 Plato
910 2694 1030 2738 Symp.
1058 2694 1136 2726 209.
1166 2689 1210 2725 τᾱ
1236 2691 1343 2726 τέλεα
1367 2690 1428 2725 καὶ
1450 2682 1639 2724 ἐποπτικοῖ.
