2080 3314
995 342 1020 382 3

283 482 408 513 onem
437 467 675 512 Homerum
705 482 859 511 aevum
876 482 999 510 suum
1022 469 1272 525 plerumque
1287 466 1531 525 depinxisse
1545 470 1736 510 evertere

282 570 368 600 non
396 559 585 614 possunt,
1018 531 1022 535 ⁴

338 642 663 701 Antiquioribus
679 643 811 700 igitur
840 642 1026 686 fontibus
1047 642 1340 699 deficientibus
1358 657 1454 686 cum
1471 640 1584 699 apud
1600 640 1732 685 Grae-

281 745 350 775 cos
378 734 471 773 tum
501 730 614 789 apud
644 735 808 774 nostros
840 730 1057 774 Homerus
1087 745 1173 774 non
1204 730 1596 788 antiquissimorum
1630 733 1735 773 tem-

279 832 430 876 porum
470 818 544 862 sed
582 817 777 862 heroicae
815 821 961 862 tamen
1001 818 1152 861 aetatis
1192 821 1338 861 auctor
1377 821 1421 861 et
1455 817 1590 875 pictor
1619 816 1731 860 exis-

280 907 470 950 timatur.

338 994 523 1038 Multum
555 1008 655 1038 vero
686 994 806 1038 abest
834 997 882 1036 ut
911 993 1076 1050 tragici,
1109 993 1207 1036 licet
1233 993 1408 1036 cultiore
1425 996 1566 1035 aetate
1582 992 1734 1035 florue-

281 1082 380 1137 rint,
421 1082 684 1139 Homerique
715 1082 904 1135 carmina
932 1081 1130 1124 manibus
1160 1081 1370 1135 triverint,
1403 1081 1647 1138 exemplum
1680 1080 1733 1122 ab

280 1170 509 1225 immortali
538 1174 663 1228 poeta
693 1170 814 1227 epico-
828 1169 988 1213 editum
1005 1183 1171 1225 semper
1187 1168 1320 1211 secuti
1337 1168 1435 1223 sint,
1454 1168 1527 1211 sed
1543 1167 1665 1211 modo
1681 1168 1733 1211 de

280 1257 502 1312 industria,
549 1257 672 1300 modo
703 1271 747 1300 se
779 1261 972 1314 tempora
1002 1255 1258 1299 confundere
1300 1255 1536 1298 nescientes
1578 1255 1658 1298 hac
1687 1255 1733 1297 in

280 1359 327 1388 re
355 1359 530 1403 peccare
560 1346 709 1388 solent.

307 1466 309 1468 -
339 1431 518 1490 Saepius
564 1433 679 1476 enim
728 1433 992 1490 antiquitatis
1039 1432 1176 1475 studio
1201 1434 1373 1489 'parum
1420 1431 1550 1474 dediti
1581 1430 1732 1487 tragici

279 1519 402 1562 inscii
432 1523 474 1563 et
503 1519 792 1576 imprudentes
823 1534 868 1562 se
899 1518 1220 1562 anachronismo
1251 1518 1533 1574 obstringunt.
1553 1517 1731 1561 Homeri

279 1606 538 1650 carminibus
582 1611 732 1664 poetae
763 1611 806 1650 et
835 1606 1074 1664 philosophi
1104 1621 1362 1663 magnopere
1392 1605 1562 1663 quidem
1593 1606 1727 1650 delec-

279 1693 494 1749 tabantur,
511 1694 586 1738 sed
601 1698 649 1736 ut
666 1709 722 1738 ex
738 1694 790 1737 iis
807 1694 1071 1752 antiquitatis
1082 1693 1316 1736 doctrinam
1327 1686 1550 1737 haurirent
1560 1694 1731 1751 tragicis

279 1795 508 1839 eorumque
539 1782 786 1839 aequalibus
816 1796 872 1824 ne
901 1781 947 1823 in
977 1785 1164 1824 mentem
1196 1781 1367 1838 quidem
1397 1768 1612 1824 veniebat.

337 1867 453 1911 Hinc
481 1868 631 1926 tragici
662 1883 748 1912 non
777 1867 1090 1912 considerantes
1121 1868 1331 1925 quantilla
1360 1872 1500 1911 terrae
1516 1882 1616 1925 pars
1635 1867 1728 1911 Ho-

281 1969 397 2000 mero
425 1956 670 2012 innotuerit,
702 1971 912 2014 quamque
943 1956 1149 2012 exiguum
1180 1956 1265 1998 illis
1293 1956 1599 2012 antiquissimis
1625 1960 1730 1999 tem-

279 2043 452 2100 poribus
501 2044 614 2088 inter
659 2045 799 2088 varios
844 2044 1020 2102 populos
1067 2044 1364 2086 commercium
1412 2043 1552 2098 fuerit,
1585 2043 1729 2086 orbem

280 2133 490 2174 terrarum
520 2136 563 2175 et
592 2131 779 2176 diversos
809 2132 984 2190 populos
1015 2131 1303 2189 depingebant
1340 2145 1416 2188 pro
1446 2130 1730 2188 geographiae

281 2222 324 2263 et
353 2218 688 2277 ethnographiae
718 2220 881 2275 notitia,
913 2233 1040 2277 quam
1071 2219 1151 2276 ipsi
1182 2219 1411 2262 habebant.
1444 2219 1564 2262 Haec
1581 2218 1729 2262 eadem

281 2308 427 2351 valent
456 2307 508 2351 de
538 2308 743 2351 institutis
772 2309 966 2366 politicis,
997 2309 1049 2353 de
1079 2308 1254 2352 deorum
1285 2309 1401 2351 cultu
1431 2311 1474 2350 et
1509 2305 1727 2362 religionis

279 2394 379 2450 ritu,
426 2395 479 2439 de
526 2396 681 2438 artium
711 2396 931 2454 omnisque
961 2396 1182 2439 hominum
1212 2396 1402 2439 culturae
1422 2395 1727 2452 progressibus.

280 2481 562 2541 Antiquitatis
593 2484 768 2527 scientia
796 2484 843 2526 in
872 2483 915 2526 id
945 2498 1111 2542 quoque
1141 2484 1262 2527 nobis
1294 2482 1464 2540 prodest
1479 2487 1527 2525 ut
1560 2482 1725 2526 fabulas

281 2571 539 2628 antiquiores
570 2572 623 2614 ab
653 2571 705 2614 iis
722 2586 830 2628 quae
846 2571 1078 2614 recentiore
1095 2575 1233 2615 aetate
1250 2571 1372 2614 fictae
1389 2571 1486 2625 sint,
1505 2571 1729 2626 seiungere

280 2641 499 2715 possimus.
