2080 3314
922 350 975 391 97

223 480 350 534 poeta
364 476 445 520 sibi
460 476 724 535 proposuerit
739 476 852 519 inter
868 490 1014 519 omnes
1030 480 1214 520 constat:
1233 477 1285 520 de
1300 477 1392 534 ipso
1406 480 1552 520 tamen
1567 480 1673 520 tem-

223 579 341 623 pore,
357 579 440 623 quo
454 564 624 608 fabulae
640 568 758 608 actae
775 565 872 620 sint,
891 565 972 607 viri
988 564 1098 607 docti
1112 564 1297 622 litigant.
1326 564 1536 623 Oedipum
1553 563 1674 608 Golo-

225 666 395 709 naeum,
406 656 455 695 ut
469 653 714 710 exemplum
726 652 915 708 afferam,
928 652 1145 709 Reisigius
1158 651 1191 708 ¹)
1205 652 1271 695 Ol.
1285 652 1552 696 LXXXVII
1563 667 1675 695 anno

225 739 254 782 2
294 740 364 783 vel
399 742 440 796 3,
483 740 759 784 Lachmanno
775 740 808 795 2)
853 739 1145 797 Schoellioque
1172 740 1540 797 adstipulantibus,
1567 739 1675 782 Boe-

225 825 375 878 ckhius
396 825 429 884 ³)
460 832 607 872 contra
636 828 978 885 Sueverniusque
999 826 1032 882 4)
1065 827 1131 870 Ol.
1149 827 1395 870 LXXXIX
1416 827 1592 871 exeunti
1608 827 1677 870 vel

223 913 392 957 ineunti
430 914 511 958 XO
552 916 836 973 assignarunt.
880 915 1100 973 Supplices
1140 915 1186 957 in
1218 896 1478 972 cognominis
1509 915 1677 958 fabulae

226 996 477 1059 argumento
499 1003 661 1046 Graeco
679 1004 859 1060 legimus
876 1007 991 1046 actas
1009 1017 1099 1046 esse
1117 1002 1184 1046 Ol.
1204 1002 1298 1058 XO,
1317 1005 1357 1058 3,
1377 1018 1507 1060 quum
1523 1002 1678 1059 Argivi

224 1092 268 1132 et
296 1089 636 1147 Lacedaemonii,
667 1091 819 1148 legatis
849 1091 1000 1145 missis,
1032 1090 1084 1133 de
1110 1090 1277 1134 foedere
1294 1095 1494 1147 agerent,
1513 1090 1675 1134 Boeck-

224 1176 321 1220 hius
341 1177 376 1233 ³)
406 1182 551 1222 tamen
581 1183 624 1222 et
654 1178 948 1222 Zirndorferus
969 1178 1002 1233 ὓ)
1036 1178 1103 1221 Ol.
1136 1179 1394 1235 LXXXIX,
1429 1181 1470 1234 4,
1498 1178 1677 1221 ea'ndem

225 1265 414 1309 fabulam
453 1267 660 1323 tribuunt,
702 1281 784 1324 quo
824 1270 1014 1324 tempore
1055 1266 1342 1310 Athenienses
1377 1281 1473 1310 cum
1503 1265 1679 1322 Argivis

225 1353 371 1397 foedus
402 1354 515 1412 pacti
557 1358 656 1396 sunt
674 1353 720 1408 ⁷).
762 1354 866 1409 Alii,
903 1355 1088 1397 locorum
1124 1355 1290 1397 indiciis
1321 1355 1524 1412 expositis
1554 1368 1679 1410 argu-

225 1441 464 1499 mentisque
495 1442 648 1506 allatis,
681 1442 787 1484 alias
816 1446 1125 1499 proposuerunt
1155 1443 1387 1486 sententias
1405 1442 1451 1497 ⁸).
1484 1441 1660 1484 Heracli

225 1528 376 1572 darum
406 1529 595 1572 fabulam
626 1528 693 1572 Ol.
726 1528 805 1571 XO
837 1530 978 1572 fictam
1010 1544 1101 1573 esse
1131 1534 1226 1587 post
1255 1530 1423 1574 foedum
1454 1534 1627 1588 ruptum
1654 1545 1677 1573 e

225 1617 424 1682 conviciis
452 1617 500 1660 in
520 1616 706 1674 Argivos
731 1617 852 1660 iactis
869 1619 1105 1675 suspicatur
1121 1618 1362 1662 Boeckhius
1381 1618 1438 1675 ⁹);
1456 1618 1609 1661 Fixius
1624 1617 1678 1673 ¹⁰)

225 1709 370 1750 autem
409 1706 539 1749 finem
579 1706 750 1749 fabulae
790 1706 1033 1764 respiciens,
1074 1707 1147 1749 ubi
1178 1707 1364 1764 aliquam
1395 1707 1679 1751 Lacedaemo-

225 1793 393 1837 niorum
432 1794 721 1852 inruptionem
751 1794 1017 1852 Eurystheus
1047 1796 1261 1853 periturus
1290 1776 1511 1853 praedicit,
1540 1796 1678 1840 Hera-

226 1882 357 1926 clidas
387 1883 498 1926 circa
538 1882 605 1925 Ol.
638 1883 881 1926 LXXXIV
913 1884 1087 1941 scriptos
1118 1899 1209 1927 esse
1240 1889 1396 1928 censet.

285 1971 436 2029 Itaque
462 1972 591 2014 etiam
618 1971 698 2015 hac
724 1972 770 2014 in
801 1987 860 2027 re,
893 1987 1024 2029 quum
1046 1977 1172 2030 poeta
1187 1987 1356 2016 omnem
1373 1973 1679 2016 dubitationem

228 2060 349 2104 tollat
377 2074 578 2118 quorsum
607 2060 752 2103 fabula
780 2061 1007 2117 pertineat,
1039 2061 1209 2104 ariolari
1239 2066 1406 2105 tantum
1437 2062 1557 2105 nobis
1582 2062 1681 2105 licet

228 2149 280 2192 de
320 2152 509 2206 tempore
549 2148 807 2204 definiendo,
849 2149 931 2192 nisi
967 2149 1041 2192 ubi
1082 2154 1247 2193 veteres
1277 2151 1358 2208 ipsi
1389 2151 1491 2194 certi
1521 2151 1681 2208 aliquid

228 2236 460 2280 memoriae
488 2236 768 2280 tradiderunt.

231 2315 505 2332 *4—

296 2364 322 2412 1>
350 2364 613 2410 Reisigius:
639 2364 849 2400 Enarratio
877 2363 1004 2410 Oedip.
1031 2363 1150 2401 Colon.
1176 2384 1223 2392 —
1248 2365 1275 2409 2)
1302 2365 1351 2401 1.1.
1375 2377 1459 2412 pag.
1485 2367 1563 2402 313.

291 2425 319 2471 ³)
348 2423 629 2460 Boeckhius:
654 2421 818 2458 Prooem.
843 2422 919 2459 ind.
943 2423 1037 2460 lectt.
1063 2423 1180 2460 Berol.
1206 2428 1293 2460 aest.
1325 2425 1426 2460 1826.

293 2482 322 2530 ⁴)
349 2482 431 2519 Act.
456 2481 574 2517 Acad.
600 2480 717 2517 Berol.
745 2483 845 2526 1828,
870 2493 953 2528 pag.
982 2484 1035 2518 15.

294 2541 322 2586 ⁸)
351 2541 480 2578 Graec.
504 2545 598 2586 traq.
623 2539 750 2576 Princ.
776 2551 860 2586 pag,
887 2542 952 2576 187
977 2551 1055 2586 sqq.
1079 2559 1127 2567 -—
1151 2540 1175 2584 ⁶)
1200 2541 1251 2577 1.1.
1276 2552 1359 2587 pag.
1386 2543 1430 2577 49
1454 2553 1532 2588 sqq.

297 2601 323 2645 τ)
348 2600 491 2637 Thucd.
517 2599 560 2641 V,
586 2601 643 2635 46.
668 2619 714 2625 -
739 2598 766 2642 8)
792 2598 885 2635 Vide
910 2599 1011 2644 apud
1034 2598 1115 2634 Fix.
1142 2599 1193 2635 l.l.
1219 2611 1303 2646 pag.
1331 2599 1395 2636 IX.

295 2660 320 2705 ⁹)
346 2660 395 2696 l.l.
421 2671 504 2707 pag.
533 2660 598 2695 190
624 2670 676 2704 sq.
702 2678 747 2684 -—
778 2657 820 2703 ¹⁰)
847 2657 897 2692 1.1.
922 2669 1006 2704 pag.
1031 2657 1130 2695 VIII.

1526 2757 1547 2794 7
1629 2810 1631 2812 .
