2080 3314
1035 351 1136 394 ’ΠΒ

376 491 553 534 cumque
591 477 638 518 ἐν
675 476 863 519 πολιαῖσι
901 476 1073 531 φάμαις
1111 479 1317 534 feruntur,
1356 481 1402 522 in
1431 480 1605 523 dubium
1636 482 1811 526 vocandi

377 565 560 607 studium
610 564 794 621 spirant3
851 565 1014 608 fabulas
1070 566 1286 609 enimvero
1324 567 1369 609 in
1409 582 1576 610 scenam
1607 569 1809 625 producit,

376 652 450 694 sed
487 653 548 694 ita
582 656 734 695 tractat
773 652 998 709 Euripides
1034 657 1093 708 ut,
1136 653 1246 710 quod
1279 654 1330 697 de
1361 655 1458 709 sole,
1491 669 1657 698 cursum
1688 670 1810 699 suum

377 739 571 794 mutanti,
602 739 714 794 dicit,
733 739 765 792 1)
794 739 840 780 in
870 741 1018 796 quavis
1048 740 1278 797 Euripidea
1306 742 1450 785 fabula
1478 721 1630 798 valeat,

777 824 953 880 λέγεται,
988 825 1069 867 τάν
1102 826 1147 868 δὲ
1180 829 1322 878 πίστιν

778 911 961 969 σμικράν
995 911 1099 969 παρ’
1129 911 1261 968 ἔμοιγ’
1289 914 1384 966 ἔχει.

433 1086 657 1143 Euripides
686 1087 949 1142 magistrum,
981 1088 1052 1144 qui
1082 1089 1206 1131 deum
1236 1103 1381 1143 unum,
1408 1103 1574 1146 purum,
1592 1093 1811 1134 aeternum

377 1187 466 1215 osse
496 1176 713 1227 statuerat,
746 1177 912 1215 secutus
942 1188 1053 1217 vana
1083 1189 1174 1217 esse
1201 1175 1343 1230 credit,
1362 1190 1649 1233 quaecumque
1665 1181 1813 1234 poetae

376 1260 427 1302 de
463 1259 541 1301 diis
581 1260 804 1302 commenti
846 1261 940 1302 sint.
954 1260 987 1314 2)
1029 1260 1139 1310 Quid
1170 1277 1268 1305 vero
1294 1263 1345 1305 de
1379 1263 1531 1305 summi
1563 1263 1630 1306 dei
1661 1267 1821 1321 natura>

375 1346 643 1388 statuendum
674 1346 739 1400 sit,
757 1350 899 1388 utrum
923 1347 976 1388 sit
992 1351 1168 1391 naturae
1185 1350 1409 1391 necessitas
1426 1347 1608 1407 (ἀνάγκη
1631 1340 1813 1405 φύσεώς)

376 1449 431 1476 an
460 1433 679 1476 hominum
709 1447 829 1476 mens
859 1434 975 1488 (νοῦς
1002 1436 1181 1490 βροτῶν)
1197 1436 1286 1493 ipse
1313 1437 1488 1479 dubitat.
1502 1437 1535 1491 3)
1557 1437 1813 1496 Plerumque

376 1521 475 1578 quid
515 1535 665 1564 revera
703 1521 755 1564 de
797 1536 960 1565 summo
1001 1523 1077 1565 deo
1117 1524 1312 1580 opinetur
1341 1524 1392 1567 de
1423 1525 1630 1568 industria
1658 1526 1814 1583 premit

374 1608 563 1663 silenti03
606 1608 750 1651 Iovem
792 1609 905 1651 enim
941 1611 1007 1652 vel
1050 1611 1239 1653 divinum
1275 1617 1433 1655 numen
1463 1613 1629 1670 saepius
1659 1614 1812 1657 affatur

374 1694 489 1737 hisce
518 1709 604 1737 non
633 1695 694 1738 ita
723 1697 969 1739 verecundis
999 1698 1138 1740 verbis
1169 1698 1320 1740 additis
1346 1699 1619 1756 „quicumque
1639 1699 1810 1743 tandem

375 1782 462 1825 es'’.
485 1780 519 1836 4)
551 1782 670 1831 Quae
701 1783 832 1825 verba
860 1798 1028 1840 prorsus
1058 1785 1204 1841 inepta
1234 1789 1331 1827 sunt
1362 1800 1490 1842 quum
1522 1786 1729 1830 Hercules
1759 1786 1812 1830 de

375 1870 476 1913 Iove
506 1875 686 1928 'querens
717 1871 948 1913 exclamat:
972 1871 1005 1924 ⁵)
1041 1872 1240 1928 „Iupiter‚
1264 1873 1515 1930 quicumque
1531 1878 1594 1917 est
1608 1875 1680 1917 ille
1697 1875 1812 1932 Iupi-

373 1962 450 2013 ter,
481 1972 550 2001 me
591 1958 780 2015 genuit”,
814 1963 886 2002 aut
916 1974 1044 2016 quum
1075 1960 1186 2003 idem
1217 1960 1437 2015 Hercules,
1469 1961 1566 2004 licet
1595 1962 1684 2019 ipse
1715 1974 1813 2020 spu-

374 2046 461 2088 rius
478 2046 579 2108 Iove
596 2050 720 2088 natus
737 2047 801 2100 sit,
819 2047 1000 2089 affirmat
1015 2045 1048 2101 ⁶)
1066 2062 1109 2089 se
1120 2062 1205 2089 non
1217 2047 1363 2089 adduci
1375 2062 1494 2104 posse
1506 2051 1553 2089 ut
1564 2048 1704 2091 credat
1714 2048 1812 2092 deos

373 2133 596 2189 illegitima
626 2134 803 2190 probare
843 2134 1062 2176 connubia.
1102 2133 1344 2191 Menalippe
1375 2148 1553 2191 quoque,
1585 2135 1630 2176 in
1660 2148 1812 2191 cogno-

375 2221 501 2263 minis
528 2221 696 2264 fabulae
713 2222 845 2276 initio,
864 2221 1135 2264 dubitationis
1161 2236 1260 2264 suae
1277 2237 1445 2265 causam
1463 2222 1605 2265 affert:
1642 2222 1811 2277 „Iovem

375 2309 517 2351 enim'’
550 2309 687 2365 inquit
723 2314 912 2364 „tantum
943 2310 1068 2352 fando
1094 2309 1279 2352 audivi”.
1320 2309 1350 2364 7)
1377 2310 1513 2359 Quam
1523 2311 1703 2352 multum
1732 2306 1812 2353 hac

374 2409 539 2452 quoque
555 2396 600 2437 in
617 2411 662 2439 re
679 2396 790 2439 inter
821 2411 864 2439 se
894 2397 1050 2439 distent
1080 2396 1256 2439 Homeri
1272 2397 1447 2452 ingenui
1462 2397 1610 2440 heroes
1626 2401 1669 2440 et
1682 2392 1812 2454 tragi-

420 2551 450 2595 1)
475 2551 535 2586 El.
561 2553 639 2587 705.
664 2572 709 2578 -
733 2551 758 2595 2)
784 2551 890 2587 Hero.
915 2551 1001 2586 Fur.
1030 2553 1121 2588 1346
1146 2551 1191 2588 cf.
1219 2553 1307 2587 1315
1332 2563 1383 2597 sq.
1409 2572 1454 2578 —
1477 2552 1506 2598 ³)
1530 2551 1662 2588 Troad.
1686 2529 1787 2587 885(

422 2608 449 2652 ⁴>
478 2608 606 2644 Bacch*
633 2610 713 2655 894,
738 2611 798 2646 cr.
823 2611 903 2654 418,
928 2610 1060 2646 Troad.
1085 2609 1205 2656 ss5,1.
1223 2610 1262 2645 A.
1283 2610 1476 2656 1033.-⁸)
1490 2612 1595 2646 Herc.
1608 2609 1694 2645 Fur.
1711 2611 1811 2646 1263·

418 2666 448 2711 ⁶)
474 2667 524 2702 id.
540 2668 626 2702 1341
642 2658 686 2702 cf.
702 2667 775 2704 Ion.
792 2668 873 2703 442.
886 2667 960 2711 —7)
974 2667 1058 2702 Eur.
1076 2667 1205 2714 fragm.
1219 2667 1467 2704 483.0f.P1ut.
1481 2667 1572 2703 Mor.
1585 2678 1668 2713 pag.
1686 2664 1764 2713 756,
1776 2678 1807 2703 c.
