2080 3314
1067 343 1121 386 72

379 476 477 517 ante
522 471 822 515 Archilochum
867 469 946 513 hoc
981 483 1135 514 nomen
1164 468 1209 512 in
1238 483 1361 512 usum
1392 469 1560 514 venisse
1588 469 1808 513 credimus.

378 559 536 603 Thebis
578 559 776 616 Oedipus,
814 557 996 601 Athenis
1031 557 1280 614 Demophon
1309 558 1480 614 tyranni
1509 558 1638 601 fuisse
1667 557 1811 600 dicun-

379 650 448 689 tur
464 645 537 689 sed
552 646 620 688 hic
635 660 720 688 non
735 645 1002 702 tyrannidem
1019 659 1063 688 se
1080 645 1282 699 obtinere,
1300 644 1405 687 sicut
1422 645 1532 702 apud
1547 645 1747 688 barbaros
1762 643 1810 700 1),

381 736 584 777 autumat.
628 732 884 788 Plerumque
919 732 1090 788 tyranni
1136 746 1161 774 a
1191 732 1360 788 regibus
1391 747 1475 775 non
1505 732 1742 789 discrepant
1762 730 1811 786 2),

380 819 593 862 interdum
610 822 752 861 tamen
770 833 795 861 a
805 819 938 875 poetis
949 819 1107 861 liberae
1120 819 1301 872 civitatis
1314 819 1434 862 sociis
1444 821 1555 862 male
1566 821 1811 862 tractantur.

382 905 629 962 Aeschylus,
663 905 735 961 qui
773 904 884 947 diem
913 904 1076 947 viderat
1105 919 1186 961 quo
1215 905 1316 947 urbs
1346 906 1497 948 servile
1525 906 1671 962 iugum
1702 905 1814 948 deie-

383 996 508 1047 cerat,
539 991 651 1034 idem
686 991 977 1034 Marathonius
1007 991 1141 1046 miles,
1173 992 1256 1048 qui·
1274 1006 1350 1049 pro
1380 1006 1476 1035 cara
1504 993 1666 1050 patriae
1689 992 1815 1036 liber-

383 1082 469 1121 tate
498 1082 775 1136 pugnaverat,
797 1078 1063 1134 tyrannidem
1092 1078 1323 1121 detestatur
1352 1082 1394 1122 et
1422 1083 1600 1123 mortem
1629 1078 1816 1122 domina-

384 1169 496 1210 tione
507 1165 832 1210 tolerabiliorem
843 1168 963 1221 putat
978 1159 1024 1218 3).
1042 1164 1265 1222 Euripides
1281 1165 1572 1208 vehementius
1588 1165 1815 1209 exclamat:

390 1257 589 1310 „pereant
630 1267 773 1295 omnes
815 1252 886 1308 qui
936 1251 1150 1308 tyrannidi
1201 1251 1371 1295 faveant
1416 1256 1457 1294 et
1501 1265 1728 1308 paucorum
1771 1252 1818 1294 in

383 1340 552 1383 civitate
611 1339 810 1396 imperio,
871 1338 1044 1381 libertas
1105 1338 1218 1381 enim
1277 1338 1453 1381 maximi
1508 1338 1631 1395 pretii
1686 1342 1748 1382 est
1767 1338 1816 1393 4).

384 1427 614 1470 Dominare
645 1440 731 1468 non
760 1439 941 1481 aequum
971 1427 1034 1467 est
1063 1438 1199 1481 neque
1229 1424 1319 1467 sine
1348 1425 1442 1480 lege
1472 1428 1699 1504 tyrannum
1729 1438 1819 1468 esse

385 1513 614 1570 oportebat,
660 1512 733 1569 qui
777 1511 887 1554 solus
923 1510 987 1552 sui
1012 1525 1134 1567 pares
1163 1524 1342 1566 regnare
1380 1511 1495 1553 velit.
1556 1511 1650 1554 Hoc
1678 1515 1821 1568 petere

386 1602 564 1644 stultitia
603 1604 666 1643 est
681 1599 714 1654 5)
728 1599 768 1642 !’'
810 1599 1013 1656 Tyranni,
1066 1612 1190 1654 quem
1240 1598 1465 1641 insolentia
1496 1599 1632 1655 gignit
1652 1598 1700 1654 ⁶),
1731 1612 1819 1641 sors

385 1688 624 1731 tristissima
661 1691 804 1729 tamen
845 1689 929 1728 est:
973 1684 1233 1726 multitudini
1261 1685 1427 1741 placere
1458 1688 1619 1742 oportet
1633 1684 1680 1740 ⁷),
1712 1698 1819 1727 sem-

388 1790 462 1833 per
505 1776 551 1818 in
571 1799 573 1801 ·
595 1774 798 1817 invidiam
838 1772 955 1816 venit
970 1771 1017 1827 8),
1062 1775 1212 1828 regnat
1241 1771 1286 1813 in
1316 1772 1544 1814 terroribus
1574 1785 1746 1814 versans
1771 1772 1818 1826 ⁹),

389 1878 553 1921 semper
590 1861 767 1904 insidiae
803 1860 855 1902 ab
895 1859 960 1914 iis,
989 1858 1061 1915 qui
1102 1872 1280 1914 regnum
1322 1872 1523 1914 occupare
1563 1858 1737 1915 cupiunt
1781 1857 1821 1900 ei

389 1954 607 1993 struuntur
621 1947 694 2003 l⁰);
726 1946 917 2003 tyrannis
947 1945 1060 1988 enim
1090 1944 1297 1987 iniustitia
1327 1944 1546 2001 splendida
1577 1948 1640 1987 est
1659 1943 1718 1993 11).

447 2038 571 2080 Nunc
601 2035 654 2078 ad
682 2035 883 2092 populum
914 2033 1086 2089 eiusque
1114 2032 1208 2075 iura
1237 2031 1434 2086 redimus,
1466 2045 1573 2087 quae
1599 2031 1687 2074 fere
1703 2030 1822 2073 nulla

438 2229 465 2269 1)
489 2225 613 2270 Suppl.
637 2223 718 2259 423.

436 2291 464 2330 2)
490 2287 625 2322 Phoen.
661 2286 716 2320 40.
750 2283 880 2319 Traoh.
912 2284 991 2325 316,
1015 2281 1073 2316 Ai.
1099 2283 1178 2317 749.
1203 2281 1313 2328 Hipp.
1338 2283 1424 2326 3633
1449 2281 1580 2332 κράτος
1601 2276 1823 2333 τυραννικόν

391 2349 491 2394 regia
523 2349 684 2393 potestas
710 2347 750 2381 Ο.
777 2345 815 2380 Ο.
841 2346 929 2388 373;
953 2343 1124 2394 τυραννίς
1147 2343 1250 2388 regia
1274 2343 1434 2389 dignitas
1458 2343 1498 2378 Ο.
1524 2342 1560 2378 C.
1587 2344 1664 2379 419.
1690 2357 1822 2394 τυραν-

393 2411 516 2448 νεύειν
547 2420 670 2455 regem
703 2419 780 2443 esse
810 2406 849 2442 Ο.
876 2405 912 2441 G.
938 2406 1028 2449 4483
1051 2404 1274 2456 τυραννικδν
1307 2405 1416 2454 δῶμα
1439 2404 1540 2450 regia
1565 2404 1662 2439 aula.
1688 2404 1822 2440 Phoen.

394 2470 494 2512 1331,
518 2467 605 2502 Eur.
629 2466 759 2512 fragm.
785 2465 862 2500 605.
888 2483 934 2489 —
957 2465 988 2506 3)
1013 2463 1082 2509 Ag.
1109 2464 1209 2499 1365.
1235 2483 1280 2501 —,
1304 2463 1336 2508 4)
1360 2463 1449 2498 Eur.
1475 2463 1604 2508 fragm.
1628 2463 1706 2498 227.

439 2527 467 2569 5)
493 2525 580 2560 Eur.
605 2524 734 2569 fragm.
761 2525 838 2558 172.
862 2542 907 2548 —
932 2522 961 2566 6)
984 2519 1028 2557 Ο.
1053 2520 1091 2557 G.
1115 2522 1195 2556 873.
1220 2540 1265 2546 -—
1290 2520 1320 2566 ⁷)
1346 2520 1433 2555 Eur.
1457 2519 1589 2565 fragm.
1615 2521 1691 2555 171.

438 2582 467 2626 ⁸)
494 2582 535 2618 o.
560 2582 606 2618 R·
630 2583 708 2617 382.
731 2601 779 2608 -
802 2580 832 2626 ⁹)
853 2579 903 2615 id.
929 2580 1006 2622 585,
1032 2578 1078 2614 of.
1103 2577 1130 2614 1.
1156 2578 1199 2613 A.
1227 2580 1281 2613 17.

439 2642 482 2683 10)
506 2639 612 2676 Herc.
636 2639 722 2675 Fur.
748 2639 806 2684 65,
828 2637 916 2674 Eur.
940 2636 1073 2682 fragm.
1094 2636 1174 2671 846.
1199 2655 1244 2662 —
1268 2635 1316 2680 11)
1340 2634 1473 2671 Phoen.
1498 2635 1576 2671 549.
