2080 3314
910 357 962 402 61

266 484 486 530 Postremo
529 486 736 530 nonnulla
765 486 818 530 de
849 486 998 530 Africa
1028 486 1259 530 videamus.
1292 486 1586 545 Aegyptus
1616 484 1662 530 in

215 574 405 633 Odyssea
434 576 647 619 interdum
678 581 938 619 memoratur
969 577 1042 619 sed
1072 581 1241 634 praeter
1271 576 1404 619 Phari
1420 576 1604 618 insulam
1621 579 1663 618 et

209 663 392 719 Thebas,
441 668 612 706 centum
658 664 789 721 portis
835 664 1035 719 munitas,
1068 664 1130 706 nil
1170 665 1252 706 nisi
1283 678 1439 707 nomen
1469 663 1661 706 occurrit.

210 751 300 794 Nec
338 751 508 807 mirum,
542 752 700 809 exig'ua
726 752 840 794 enim
872 756 959 794 tam
990 752 1248 809 longinquae
1278 756 1418 795 terrae
1450 765 1500 794 ea
1524 755 1663 794 aetate

209 840 360 883 notitia
416 845 520 896 erat,
580 841 680 898 quia
725 839 899 896 δολιχὴν
946 838 1042 882 ὁδὸν
1087 839 1302 898 α’ργοιλεήν
1343 855 1389 881 τε
1425 837 1456 895 1)
1497 841 1579 883 iter
1618 840 1664 881 in

209 926 456 985 Aegyptum
513 928 662 971 heroes
724 929 1042 972 existimabant.
1100 929 1308 985 Magnum
1370 932 1513 971 autem
1573 927 1663 970 Nili

210 1017 370 1059 flumen
400 1016 548 1059 eodem
570 1016 740 1059 nomine
759 1031 808 1058 ac
823 1016 959 1072 ipsam
975 1015 1192 1072 regionem
1209 1015 1254 1057 hi
1271 1015 1491 1058 vocabant.
1524 1015 1663 1064 Quam

209 1103 319 1147 bene
359 1108 506 1147 contra
545 1108 756 1147 noverunt
796 1104 1053 1160 tragicorum
1094 1117 1299 1161 personae
1340 1104 1459 1146 illam
1489 1102 1663 1160 Aegyp-

210 1194 315 1246 tum,
363 1190 513 1248 Syriae
558 1191 743 1234 vicinam
758 1191 806 1246 ²),
853 1191 926 1234 ubi
973 1191 1079 1234 sitae
1125 1195 1223 1233 sunt
1264 1190 1489 1234 Ammonis
1529 1191 1662 1247 sedes,

211 1292 323 1335 aqua
365 1279 512 1336 pluvia
552 1279 778 1322 destitutae
800 1279 847 1333 3).
895 1278 1034 1328 Quam
1079 1279 1188 1322 bene
1233 1283 1444 1322 noverunt
1490 1281 1663 1334 flumen,

213 1366 324 1425 quod
364 1382 449 1410 non
489 1368 670 1425 amplius
710 1367 934 1424 Aegyptus
965 1367 1039 1410 sed
1068 1367 1194 1410 Nilus
1224 1371 1412 1409 vocatur.
1444 1367 1563 1411 Infra
1597 1383 1665 1412 ca-

214 1461 435 1511 taractam⁷
482 1457 556 1501 ubi
601 1456 653 1498 de
699 1456 913 1499 montibus
960 1456 1085 1498 Nilus
1116 1456 1284 1498 laticem
1326 1470 1450 1497 suum
1481 1456 1666 1499 demittit

212 1545 258 1586 in
309 1549 468 1587 terram
518 1544 767 1600 triquetrem
819 1544 1047 1586 Niloticam
1063 1541 1112 1598 4),
1169 1544 1215 1585 in
1264 1544 1354 1600 ipso
1412 1544 1502 1586 Nili
1559 1545 1664 1587 ostio

212 1630 411 1689 Canopus
461 1631 563 1674 urbs
614 1630 803 1688 Aegypti
854 1636 1048 1674 extrema
1079 1632 1112 1686 ⁵)
1175 1632 1256 1674 sita
1296 1636 1372 1686 est,
1405 1646 1483 1674 nec
1519 1634 1664 1689 procul

213 1721 267 1764 ab
321 1721 397 1764 illa
440 1720 654 1778 Memphis
680 1721 726 1774 ⁶).
779 1720 1083 1763 Recentiorum
1134 1721 1185 1763 de
1236 1721 1326 1763 Nili
1372 1735 1495 1778 agros
1539 1722 1665 1764 inun-

212 1809 353 1852 dantis
392 1809 656 1852 coniecturae
692 1809 934 1866 conspirant
964 1823 1060 1851 cum
1090 1809 1348 1865 tragicorum
1364 1809 1555 1853 doctrina
1571 1826 1665 1868 per-

213 1897 454 1941 hibentium
485 1912 541 1940 ex
567 1896 822 1954 Aethiopiae
852 1897 1067 1940 montibus
1085 1898 1243 1940 solutas
1260 1898 1382 1940 nives
1400 1912 1557 1954 augere
1574 1899 1666 1941 Nili

214 1999 357 2043 aquas.
375 1981 408 2040 7)
441 1984 536 2035 Qua
564 1985 610 2027 in
641 2000 687 2028 re
717 1984 1023 2042 Anaxagoram
1054 1989 1199 2042 poetas
1230 1989 1394 2028 secutos
1421 1999 1512 2028 esse
1534 1985 1664 2028 tradit

213 2073 423 2115 Diodorus
439 2071 486 2128 8).
529 2072 690 2115 Seneca
727 2077 869 2115 autem
901 2072 1049 2116 eadem
1080 2072 1297 2115 affirmans
1328 2072 1444 2115 addit
1475 2071 1666 2130 Aeschy-

213 2161 317 2215 lum,
350 2160 612 2218 Sophoclem,
631 2160 879 2217 Euripidem
895 2161 1000 2203 haec
1016 2160 1237 2203 tradidisse
1254 2160 1300 2215 9).
1334 2161 1404 2203 Ex
1427 2160 1666 2219 Aeschyleo

215 2252 359 2292 tamen
406 2249 586 2305 quodam
633 2248 871 2305 fragmento
890 2249 938 2303 10)
968 2250 1055 2291 iam
1089 2253 1187 2291 ante
1218 2248 1525 2305 Anaxagoram
1556 2249 1666 2293 hanc

213 2337 455 2394 opinionem
501 2337 796 2393 pervulgatam
832 2336 960 2379 fuisse
993 2341 1182 2394 apparet,
1215 2351 1344 2393 quum
1376 2337 1522 2379 eodem
1554 2352 1666 2380 anno

263 2435 290 2482 ¹)
322 2434 388 2470 Od.
414 2434 475 2476 lv,
501 2435 568 2469 483
594 2437 630 2469 et
655 2434 799 2478 passim.
825 2455 868 2459 —
894 2434 924 2479 2)
948 2434 1080 2469 Aesch.
1107 2434 1234 2480 Suppl.
1260 2437 1293 2470 6.

261 2497 291 2538 3)
317 2493 397 2529 Alc.
426 2495 503 2537 116,
529 2492 614 2527 Eur.
644 2492 699 2527 El.
727 2494 805 2528 734.
832 2513 877 2518 —-
903 2492 934 2537 ¹)
960 2493 1080 2528 Prom.
1105 2495 1172 2528 811
1200 2506 1277 2539 sqq.

261 2553 291 2599 ὃ)
318 2553 436 2588 Prom.
462 2554 529 2587 846
555 2563 632 2597 sqq.
657 2572 701 2577 —
729 2551 756 2594 6)
781 2552 910 2587 Aesch.
936 2551 1063 2597 Suppl.
1090 2554 1169 2587 311.

262 2611 291 2658 ⁷)
320 2611 398 2646 Hel.
423 2611 503 2647 inst.
530 2610 618 2646 Eur.
643 2609 773 2656 fragm.
800 2613 879 2646 230.
904 2630 952 2636 —-
976 2613 1004 2654 8)
1034 2611 1139 2646 Diod.
1165 2611 1235 2647 Sic.
1262 2611 1290 2652 Ι,
1316 2613 1371 2647 38.

262 2671 293 2721 ⁹)
317 2669 398 2708 Seu.
423 2670 550 2708 Natur.
581 2670 725 2716 Quaest.
751 2669 813 2717 IV,
839 2671 872 2706 2.
902 2672 954 2708 16.
979 2690 1026 2697 -
1052 2671 1095 2716 l0)
1121 2670 1251 2707 Aesch.
1277 2670 1408 2718 fragm.
1435 2671 1514 2710 304.
