2080 3314
1117 367 1170 408 84

425 491 471 533 in
516 491 623 534 libro
654 491 830 550 copioso,
876 507 903 535 a
932 493 1048 536 nullo
1094 507 1179 536 non
1208 493 1328 548 lecto,
1360 479 1526 536 Εὐταίας
1547 508 1621 536 sur
1657 494 1712 537 les
1734 495 1863 551 traqi-

429 592 526 634 ques
560 578 714 621 Grecs''
747 578 996 636 (cinquieme
1028 579 1183 623 edition
1204 579 1330 634 1873)
1352 580 1411 622 M.
1443 580 1653 623 Patinus
1683 580 1864 637 collegit.

428 664 590 714 Quibus
631 666 733 708 viris
763 666 916 709 addere
945 666 1078 723 possis
1107 668 1350 724 permultos,
1382 667 1453 724 qui
1483 667 1671 724 singulas
1700 671 1865 724 tragoe-

427 751 516 794 dias
545 755 848 809 tractaverunt3
878 753 955 796 vix
983 753 1097 796 enim
1127 753 1207 795 dici
1236 757 1373 811 potest
1402 757 1502 810 quot
1530 754 1612 796 viri
1641 754 1763 810 docti,
1809 754 1864 797 ab

426 838 672 895 scholiastis,
717 840 802 882 illis
831 840 1091 883 minutarum
1121 854 1267 883 rerum¹
1292 840 1499 896 studiosis,
1530 855 1663 898 usque
1693 840 1747 884 ad
1789 840 1864 884 ho-

426 925 592 969 diernos
621 927 1003 983 praestantissimos
1033 927 1156 983 viros,
1189 942 1359 984 operam
1389 927 1581 970 dederint
1608 931 1669 983 ut,
1700 931 1864 984 tragoe-

425 1013 515 1055 dias
544 1018 868 1071 perscrutantes,
899 1018 1118 1071 poetarum
1148 1015 1374 1058 allusiones
1400 1015 1489 1057 sive
1504 1014 1658 1057 indicia
1672 1014 1725 1058 de
1740 1014 1866 1057 rebus

426 1115 503 1143 sua
547 1105 685 1144 aetate
715 1102 844 1158 gestis
873 1102 1127 1156 invenirent,
1174 1106 1217 1144 et
1256 1102 1431 1145 inventa
1459 1101 1643 1159 profecto
1677 1101 1866 1145 laborem

425 1202 511 1231 non
564 1189 816 1232 fefellerunt.
877 1189 1022 1232 Divite
1076 1204 1212 1232 messe
1266 1189 1376 1232 facta
1431 1189 1602 1232 fuerunt
1657 1190 1743 1247 qui,
1798 1203 1864 1233 re-

424 1275 555 1332 pertis
585 1290 670 1318 non
699 1276 897 1332 contenti,
929 1290 1095 1333 semper
1123 1276 1223 1319 novi
1253 1276 1352 1333 quid
1379 1277 1619 1333 excogitare
1635 1276 1862 1320 studerem

424 1366 477 1407 In
520 1365 639 1407 nulla
678 1379 763 1407 non
792 1365 1108 1407 triumvirorum
1138 1365 1367 1421 tragoedia,
1398 1365 1444 1407 in
1473 1366 1650 1422 singulis
1680 1365 1863 1408 cuiusvis

425 1453 594 1496 fabulae
637 1452 840 1510 personis,
887 1453 955 1495 vel
999 1452 1176 1495 minima
1215 1452 1443 1496 similitudo
1483 1467 1578 1495 cum
1607 1453 1860 1509 tragicorum

425 1535 670 1598 aequalibus
687 1543 729 1583 et
744 1539 925 1582 civitatis
951 1543 1064 1582 statu
1090 1540 1322 1583 sufficiebat
1348 1544 1395 1582 ut
1424 1544 1555 1583 totam
1578 1514 1764 1584 fabulam
1784 1555 1861 1598 per

425 1631 670 1687 allegoriam
685 1630 1065 1686 interpretarentur
1082 1626 1350 1672 obscurorum
1358 1630 1512 1687 quippe
1523 1630 1856 1686 investigatores.

424 1717 545 1767 Quod
577 1731 734 1760 novum
763 1717 1066 1774 interpretandi
1096 1731 1230 1773 genus
1268 1717 1380 1759 viros
1409 1718 1651 1775 ceteroquin
1679 1717 1858 1774 sagacis-

422 1806 548 1848 simos
592 1805 645 1848 ad
684 1805 880 1847 ridiculas
924 1804 1105 1861 ineptias
1158 1805 1330 1861 depulit,
1396 1819 1573 1862 quarum
1617 1805 1856 1860 nonnullas,

423 1890 553 1932 animi
592 1893 758 1932 tantum
789 1903 926 1944 causa,
957 1889 1114 1931 referre
1144 1890 1251 1944 volo,
1289 1889 1443 1946 quippe
1473 1904 1576 1946 quas
1605 1889 1858 1945 redarguere

421 1978 496 2020 vix
525 1991 677 2035 operae
705 1977 888 2034 pretium
917 1977 1036 2019 foret.

480 2153 768 2207 Passovius,
799 2156 847 2194 ut
876 2152 930 2194 ab
959 2151 1037 2194 hoo
1066 2151 1216 2207 ordiar,
1249 2151 1448 2209 Aeschyli
1462 2152 1764 2196 Prometheum
1779 2152 1857 2196 hoo

421 2241 543 2283 modo
574 2239 832 2297 explanavit.
865 2238 1027 2295 Iupiter
1058 2239 1214 2281 scilicet
1243 2253 1338 2281 cum
1361 2240 1464 2282 alios
1490 2239 1741 2296 demagogos
1767 2241 1865 2281 tum‘

421 2328 629 2371 Periclem
685 2327 919 2383 significat3
976 2326 1209 2369 Mercurius
1269 2326 1621 2385 sycophantarum
1659 2340 1857 2383 gregem3

420 2415 699 2458 Prometheus
766 2415 856 2471 ipse
925 2412 1210 2470 Areopagum,
1282 2413 1474 2457 homines
1536 2429 1563 2457 a
1626 2413 1727 2457 Iove
1786 2427 1858 2470 op-

419 2502 553 2559 pressi
607 2500 906 2544 Athenienses.
950 2488 1081 2542 'Huic
1125 2500 1367 2557 splendidae
1413 2498 1683 2557 explicationi
1717 2500 1858 2557 perin-

420 2590 633 2634 commode
679 2588 829 2632 acoidit
859 2588 968 2645 quod
997 2587 1182 2630 Pericles
1211 2587 1370 2630 decimo
1410 2588 1578 2630 demum
1611 2602 1721 2630 anno
1765 2590 1858 2643 post

418 2680 719 2724 Prometheum
750 2682 887 2721 actum
919 2677 972 2719 ad
1002 2676 1302 2733 rempublicam
1333 2674 1706 2718 administrandam
1723 2688 1860 2717 acces.
